2720 4678
327 373 396 455 252
469 357 517 463 Q·
569 357 854 431 Hortartt
903 361 1132 436 actem

483 645 912 768 ¹ortamota
960 699 1113 770 xtra

483 909 571 976 no
622 865 1117 978 Maecenatem,

363 1111 449 1170 Pata
464 1109 596 1193 judicium
613 1113 642 1170 dt
655 1111 716 1190 suis
735 1111 957 1194 &pactaflrorum
965 1109 1104 1192 sulstculi
1113 1111 1230 1194 scriptis.

323 1253 499 1366 perseo
522 1295 545 1359 li
564 1295 673 1368 credis,
688 1295 835 1358 Maecenas
850 1296 954 1372 atoue,
972 1293 1112 1376 Cratino,

320 1390 409 1476 Nulla
421 1391 533 1472 placere
551 1391 615 1464 diu,
629 1409 684 1452 nec
697 1390 798 1451 vivete
812 1391 939 1452 carmina
956 1389 1091 1472 possunt,

319 1477 402 1560 Quae
415 1481 578 1544 scribuntur
594 1501 678 1564 aque
693 1483 860 1564 potoribus:
879 1500 913 1546 ut
929 1483 1006 1546 male
1019 1483 1107 1546 sanos·

316 1569 474 1654 Adscripsrt
487 1575 571 1637 Liber
586 1575 698 1655 Satyris
714 1575 875 1659 Faunisque
886 1592 1006 1656 poetas,

316 1663 395 1728 Vina
412 1665 472 1728 sete
485 1665 585 1729 dulces
595 1666 737 1727 'oluerunt
750 1685 834 1728 mane
849 1667 998 1728 Camenae.
1245 1687 1257 1749 5

316 1755 461 1820 Laudibus
479 1761 609 1841 arguitur
627 1759 687 1820 vini
703 1757 826 1821 vinosus
844 1761 1014 1821 Homerus:
1193 1833 1196 1838 Ι

315 1845 427 1910 Ennius
440 1848 498 1932 ipse
516 1867 597 1930 pater
613 1869 786 1933 nunquam,
805 1849 857 1911 nist
874 1867 983 1930 potus,
1002 1850 1037 1911 ad
1054 1869 1134 1912 arma

313 1942 447 2010 Prosiluit
463 1947 592 2009 dicenda.
607 1949 704 2008 Forum
719 1947 858 2028 pateatque
874 1945 986 2004 Libonis
1038 1953 1041 1958 ’

314 2041 457 2100 Mandabat
468 2043 569 2120 fictir,
589 2041 705 2101 adimam
723 2058 827 2100 cantare
843 2037 953 2120 serenis

312 2127 383 2188 Hoc
400 2126 482 2188 simul
496 2087 589 2201 edixi,
606 2149 667 2190 non
685 2128 830 2191 cessavere
851 2145 947 2208 poetae

312 2215 470 2280 Nodurno
485 2237 595 2281 certare
611 2239 713 2292 mero,
728 2238 829 2299 putere
844 2219 961 2284 diurno

313 2307 416 2390 Quid,
433 2309 456 2372 si
474 2313 540 2394 quis
556 2313 642 2376 vulru
662 2313 865 2384 torvoserus,
883 2312 1116 2392 openetrum,

313 2405 496 2488 Exiguaeque
520 2426 598 2490 togae
614 2406 727 2488 simulet
742 2425 857 2470 textore
869 2406 1034 2478 Catonem,

311 2501 499 2564 virtutemne
514 2501 699 2584 repraesentet
717 2501 872 2584 moresque
887 2499 1031 2564 Catonis?

315 2595 447 2684 Rupit
424 2596 559 2658 Iarbitam
577 2596 744 2678 Timagenis
759 2595 864 2658 aemula
881 2593 1009 2674 lingua,
1226 2606 1255 2670 ις

176 2659 182 2758 l
313 2685 395 2749 Dum
414 2671 505 2750 lluder
522 2689 670 2762 urbanus,
693 2687 840 2791 tenditque
858 2683 977 2748 diserrus
994 2685 1103 2748 habeti.

273 2847 282 2878 x
310 2773 431 2860 Decipit
447 2779 594 2862 exemplar
611 2779 691 2840 viriis
707 2773 861 2840 imitabile:
876 2775 996 2884 quodsi

310 2869 448 2933 Pallerem
466 2873 550 2948 casu,
566 2873 699 2934 biberent
714 2869 858 2952 exsangue
873 2871 1032 2932 cuminum.

309 2959 341 3022 Ο
357 2962 536 3036 imitatores,
555 2961 669 3023 servum
687 2979 796 3048 pecus,
815 2977 850 3022 ut
865 2960 932 3027 milti
947 2959 1022 3040 saepe

308 3052 419 3128 Bilem,
438 3053 513 3136 saepe
532 3051 633 3133 jocum
652 3053 740 3114 vestri
759 3071 881 3114 movere
899 3053 1059 3114 tumultus!
1219 3062 1254 3112 to

196 3175 198 3180 ·
229 3207 241 3228 ⁰
310 3141 415 3206 Libera
433 3164 483 3226 pet
501 3165 628 3207 vacuum
645 3143 728 3226 posui
746 3144 868 3226 vestigia
883 3146 1035 3226 princeps3

308 3233 380 3296 Non
394 3235 488 3298 aliena
503 3255 570 3298 tneo
585 3235 669 3318 pteffi
685 3236 766 3318 pede.
784 3236 850 3318 Qui
868 3235 919 3298 sibi
929 3235 1014 3310 sidit,

307 3325 381 3390 Dux
399 3329 474 3408 regit
485 3346 617 3392 examen.
629 3329 730 3391 Parios
740 3348 798 3410 ego
812 3331 920 3411 primus
932 3328 1048 3388 lambos

178 3479 186 3490 ,
307 3421 428 3486 Ostendi
444 3425 549 3496 Latio,
566 3441 705 3486 numeros
724 3423 896 3504 animosque
914 3417 1034 3484 secutus

305 3515 495 3592 Archilochi,
518 3536 579 3579 non
593 3535 640 3579 res
656 3519 688 3581 δι
702 3517 814 3598 agentia
834 3516 924 3578 verba
945 3515 1123 3594 Lycamben.
1220 3531 1253 3594 ες

306 3611 371 3683 Ac,
385 3628 423 3672 rte
442 3629 490 3673 me
506 3609 583 3672 soliis
600 3611 665 3673 ideo
682 3611 868 3674 brevioribus
888 3629 993 3684 ornes,

307 3699 403 3781 Quod
417 3701 507 3762 timul
519 3719 633 3765 mutare
645 3704 748 3766 modos
761 3707 792 3766 dt
808 3700 941 3765 carminis
955 3719 1063 3775 artem3

304 3797 463 3877 Temperat
475 3795 646 3862 Atcbilocbi
665 3795 779 3860 Musam
796 3799 869 3948 pede
886 3795 1010 3917 mascula
1021 3795 1168 3879 ¹,Sappho
