2826 4640
297 378 366 448 res
461 378 508 484 Q.
549 375 827 452 Hortum
852 379 1095 452 xrancor

294 532 415 615 Culpari
433 533 542 614 dignos
561 535 711 617 Quemvis
729 536 823 598 media
841 527 913 620 elige
931 539 1039 613 turba3
1216 562 1253 624 25

293 626 358 688 Aut
373 627 413 687 ob
432 629 603 711 avaritiam,
622 644 673 706 aut
692 629 792 690 misera
805 631 966 691 ambitione
981 631 1104 694 laliorat.

292 719 353 782 idid
367 739 524 802 nuptarum
543 723 659 786 insanus
675 725 845 814 amoribus,
865 725 909 786 iric
927 744 1089 803 puerorum
1103 748 1112 801 3

294 813 383 875 Hunc
400 815 478 896 capit
493 816 604 898 argenti
619 815 768 898 splendor;
787 816 880 898 stupet
894 818 1001 879 Albius
1015 837 1091 893 aere;

293 906 353 968 Hic
369 923 462 967 mutar
480 928 592 971 merces
610 908 747 992 surgente
763 930 780 970 a
794 909 875 982 sole,
890 911 925 970 ad
943 931 1010 972 eum
1029 931 1091 994 quo
1109 970 1110 979 ,

294 999 467 1080 Vespertina
477 1019 556 1084 tepet
568 1003 665 1084 regi03
690 1006 760 1085 quin
774 1021 826 1085 per
836 1005 910 1064 mala
925 1023 1055 1086 praeceps
1217 1026 1256 1088 30

294 1091 414 1168 Fertur,
435 1096 477 1157 uti
501 1096 600 1178 pulvis
618 1095 759 1158 collesius
774 1096 906 1164 turbine,
923 1115 959 1155 ne
972 1097 1045 1176 quid
1064 1121 1073 1142 ·
1264 1102 1273 1109 ⁷

293 1185 413 1248 Summa
427 1191 562 1271 deperdat
578 1207 731 1268 metuens,
747 1203 798 1250 aut
819 1189 935 1274 amplier
951 1207 984 1252 ut
1003 1210 1074 1250 rem.

293 1278 407 1346 Omnes
424 1283 452 1344 hi
472 1301 606 1347 metuunt
621 1269 740 1356 versus,
758 1275 974 1344 odere-'Poetae
991 1317 1043 1330 ·-

294 1375 419 1440 Foenum
431 1379 526 1450 ¹habet
541 1379 569 1440 in
584 1399 697 1453 cornu;
717 1380 805 1460 longe
818 1377 904 1460 suge:
922 1379 1083 1444 dummodo
1097 1373 1195 1442 risum'
1276 1405 1280 1413 ·

294 1472 427 1536 Excutiat
444 1473 513 1548 fibi,
534 1495 595 1535 non
616 1475 662 1536 hic
683 1475 820 1554 cuiquam
838 1465 937 1552 parcet
954 1476 1067 1549 amico,
1216 1495 1251 1556 35

294 1563 351 1636 Et,
364 1565 563 1646 quodcunque
581 1562 667 1626 semel
686 1565 791 1627 charris
808 1564 950 1638 illeverit,
971 1586 1075 1628 omnes

293 1654 407 1720 Gestiet
422 1675 439 1718 a
453 1654 546 1718 furno
562 1656 715 1718 redeuntes
729 1654 819 1727 scire,
842 1656 985 1738 lacuque,
1042 1673 1046 1678 ·
1160 1685 1172 1736 p

293 1745 331 1807 Et
344 1769 470 1829 pueros,
489 1749 519 1811 δι
536 1749 617 1812 ansts.
630 1783 664 1796 -
676 1750 829 1831 Agedum,
846 1769 939 1832 pauca
953 1753 1050 1830 accipe
1068 1769 1182 1813 contra.

294 1839 421 1904 Primum
440 1861 498 1924 ego
514 1840 709 1914 me-illorum,
729 1841 855 1904 dederim
868 1840 975 1922 quibus
990 1841 1046 1905 esse
1065 1844 1183 1918 Poetas,

294 1937 455 2018 Excerpam
474 1955 617 2003 numero:
635 1957 732 2020 neque
744 1939 820 1999 enim
833 1939 1011 2002 concludere
1021 1938 1138 2000 versum
1213 1959 1252 2014 40

292 2029 413 2096 Dixeris
425 2028 482 2095 esse
494 2029 577 2105 satis;
594 2049 705 2111 neque,
722 2029 743 2092 fi
761 2032 828 2112 quis
840 2031 965 2102 scribat,
982 2032 1028 2092 uti
1043 2051 1116 2104 nos,

294 2125 429 2186 Sermoni
445 2125 605 2208 propiora,
624 2144 708 2205 putes
721 2126 800 2188 hunc
817 2125 873 2188 eise
894 2125 1024 2186 Poeram.

292 2219 447 2299 Ingenium
460 2219 510 2281 c'ui
525 2216 578 2292 fit,
598 2221 645 2282 cui
659 2239 741 2282 ruens
758 2221 903 2293 divinior,
923 2237 1013 2302 arque
1031 2239 1065 2280 os

293 2312 403 2395 Magna
415 2312 606 2388 sumturum,
624 2314 673 2376 des
686 2315 814 2376 nominis
828 2313 916 2392 hujus
932 2307 1084 2376 bonorem.

292 2405 403 2469 Idcirco
420 2408 557 2488 quidam,
574 2407 731 2470 Comoedia
750 2425 842 2468 necne
861 2406 971 2467 Poema
1212 2424 1249 2487 45

94 2512 97 2529 '
184 2544 190 2557 ι
291 2497 389 2572 Effer,
406 2495 588 2582 quaesrvere3
607 2500 688 2582 quod
704 2517 771 2560 acer
789 2496 903 2579 spiritus
919 2499 1016 2560 aevis

182 2660 184 2666 ,
292 2594 357 2656 Nec
370 2596 473 2658 *verbis
491 2615 545 2658 nec
560 2594 647 2656 rebus
665 2586 754 2667 inest}
776 2591 828 2653 nisi
849 2591 928 2672 quod
948 2593 1020 2674 pede
1038 2608 1120 2654 certo

212 2722 222 2738 «ι
293 2687 405 2750 Differt
418 2688 542 2750 sermoni
551 2687 651 2749 sermo
673 2706 778 2748 merus.
795 2687 885 2746 -At
900 2701 982 2766 pater
995 2687 1097 2748 ardens

292 2781 384 2842 Saevit
393 2820 404 2854 ,
420 2782 500 2862 quod
520 2782 673 2842 meretrice
691 2799 784 2859 nepos
799 2777 914 2840 insanus
929 2781 1024 2842 amica

208 2882 211 2888 ’
293 2872 402 2947 Filius,
419 2893 545 2936 uxorem
563 2870 664 2953 grandi
680 2891 748 2933 cum
766 2872 835 2932 dore
854 2869 984 2946 recuset,
1215 2889 1251 2952 50

292 2966 416 3038 Ebrius,
430 2967 461 3028 δι
479 2967 638 3048 (magnum
658 2967 739 3047 quod
756 2966 900 3056 dedecus)
921 2965 1049 3028 ambulet
1065 2981 1132 3027 anre

292 3059 420 3123 Noslenr
436 3079 504 3122 cum
520 3057 642 3120 facibus.
657 3093 691 3108 -
702 3058 854 3139 Numquid
872 3057 1055 3138 Pomponius
1074 3055 1133 3118 istis

292 3153 415 3230 Audiret
434 3152 563 3224 leviora,
579 3164 663 3231 pater
680 3149 703 3212 sr
723 3153 860 3214 viveret?
880 3150 958 3232 Ergo
1132 3151 1134 3156 ’

292 3247 364 3310 Non
381 3244 446 3308 satis
462 3243 504 3308 eu
521 3245 599 3326 puris
619 3244 735 3307 versur'n
755 3244 928 3326 perscribere
946 3246 1061 3322 verbis;

292 3341 395 3422 Quem
410 3341 431 3403 sr
447 3340 599 3414 dissolvas,
621 3341 721 3423 quivis
737 3341 932 3404 slomacherur
945 3343 1048 3402 eodem
1215 3358 1250 3422 55

293 3433 371 3514 Quo
389 3432 559 3516 personatus
574 3434 661 3516 padio
676 3451 767 3517 parer.
789 3435 863 3507 His,
880 3454 937 3515 ego
954 3455 1022 3517 quae
1038 3435 1134 3510 nunc,

291 3525 374 3589 Olim
389 3547 458 3611 quae
474 3525 582 3609 scripsit
601 3527 746 3600 Lucilius,
764 3527 868 3608 eripias
889 3527 910 3588 st

225 3612 227 3620 ’
291 3623 441 3704 Tempora
451 3640 530 3686 certa
545 3619 717 3705 modosque,
727 3623 758 3684 δι
769 3623 848 3704 quod
861 3625 942 3704 prius
952 3622 1053 3686 ordine
1064 3622 1187 3686 verbum
1200 3621 1253 3695 esi,

291 3715 438 3789 Posterius
451 3715 554 3792 saclas,
569 3731 744 3797 praeponens
758 3716 858 3777 ultima
872 3713 970 3797 primis
982 3738 992 3790 ;

173 3885 175 3892 Ι
250 3849 253 3858 2
290 3809 377 3886 Non,
396 3825 430 3878 ut
443 3809 464 3874 st
479 3809 594 3888 solvas,
609 3811 752 3899 Postquam
768 3810 901 3893 discordia
917 3830 982 3874 retra
1213 3791 1255 3874 bo
