2826 4640
277 317 342 453 zm
430 354 1071 501 qimammrmmcm
1181 331 1184 340 ’

550 647 951 778 snrrnnrr
1099 689 1106 696 -

274 817 1256 962 nmuranummrrnruxtmmu‘

298 987 377 1008 ·*
578 975 959 1046 nrmmmms

407 1115 411 1124 ’
737 1139 739 1144 ·
960 1123 972 1154 X

277 1124 398 1264 Qum
417 1173 531 1244 virtus,
549 1169 581 1232 δι
594 1184 723 1250 quanta,
739 1168 831 1238 boni,
849 1166 884 1256 ξιτ
903 1167 1007 1232 vivere
1028 1183 1137 1249 parvo,
1213 1183 1222 1190 “

276 1264 363 1346 (Nec
378 1253 463 1328 meus
480 1263 527 1324 hic
546 1261 643 1324 sermo
661 1260 721 1334 esi,
737 1259 783 1322 sed
800 1277 868 1340 quae
886 1260 1023 1341 praecepit
1040 1258 1158 1321 Ofellus

277 1355 431 1430 Rusticus,
447 1353 597 1416 abnormis
614 1353 744 1436 sapiens,
765 1351 912 1435 crassaque
932 1352 1092 1434 Minerva)

276 1447 408 1518 Discite,
425 1467 488 1510 non
509 1448 582 1510 inter
605 1448 700 1510 lances
716 1445 883 1528 mensasque
901 1446 1044 1520 nitentes,

276 1539 354 1602 Cum
376 1538 468 1620 stupet
486 1537 590 1600 insanis
608 1540 684 1600 acies
702 1537 885 1620 fulgoribus,
903 1538 935 1600 dt
957 1557 1025 1600 cum
1223 1551 1237 1617 ς

276 1633 405 1697 Acclinis
420 1631 496 1694 salsis
515 1633 630 1693 animus
650 1631 770 1694 meliora
791 1628 923 1704 recusam
1020 1703 1029 1708 ῃ

278 1729 392 1792 Verum
407 1730 454 1792 hic
467 1729 602 1811 impransi
616 1748 731 1802 mecum
745 1728 897 1811 disquirite.
910 1762 944 1776 -
956 1728 1019 1790 Cur
1032 1727 1112 1792 hoc?
1122 1761 1158 1776 -

131 1872 144 1922 p
278 1817 445 1894 Dicam,s1
464 1839 579 1910 potero.
599 1825 677 1886 Male
686 1844 798 1896 ‚verum
818 1825 965 1888 examinat
982 1823 1076 1886 omnis

280 1915 449 1996 Corruptus
465 1913 564 1995 judex.
586 1917 731 1999 Leporem
753 1915 896 1994 sedatus,
914 1935 1033 1998 equove

144 2033 156 2054 ο
279 2008 433 2070 Lassusab
449 2009 612 2094 indomitur,
631 2011 873 2080 velsrRomana
889 2009 989 2092 fatigat
1203 2025 1241 2072 ro

196 2129 205 2168 ι
273 2093 382 2162 Militia
402 2097 541 2164 assuetum
559 2099 710 2187 Graecari,
729 2102 780 2166 seu
797 2104 855 2187 pila
875 2103 987 2178 velox,
1058 2165 1065 2173 N
1108 2093 1111 2104 '

280 2196 411 2280 Molliter·
428 2195 577 2256 austerum
594 2195 688 2260 studio
702 2197 819 2260 fallente
834 2198 986 2273 laborem,

280 2289 339 2352 Seu
354 2307 382 2350 re
395 2287 486 2352 discus
501 2291 577 2372 agit,
598 2308 665 2374 pete
680 2293 830 2354 cedentem
847 2309 914 2354 aera
928 2290 1026 2354 disco:

281 2385 361 2450 Cum
382 2387 464 2449 labor
476 2377 623 2454 extuderit
638 2387 765 2464 fastidia,
780 2387 889 2461 frocus,
909 2387 1002 2448 inanis

280 2482 392 2563 Sperne
408 2483 504 2546 cibum
515 2485 626 2559 'vilem
637 2483 689 2546 nist
701 2483 858 2564 Hymettia
872 2480 958 2543 mella
971 2479 1098 2542 Falerno
1204 2497 1239 2562 ις

281 2577 329 2638 Ne
344 2578 455 2642 biberis
474 2580 581 2643 diluta:
605 2579 676 2642 soris
693 2577 735 2640 est
750 2595 895 2660 promus,
913 2576 944 2638 δι
961 2591 1058 2637 arrum

282 2657 452 2732 Defendens
464 2669 556 2751 pisces
574 2671 681 2732 hiemat
701 2689 799 2743 mare3
818 2687 886 2732 cum
903 2665 959 2728 sale
979 2666 1060 2750 panis

248 2755 252 2760 ’
284 2761 452 2823 Latrantem
472 2761 655 2825 stomachum
674 2763 748 2824 bene
766 2761 861 2840 leniet.
874 2759 961 2824 Unde
977 2775 1076 2840 putas,
1092 2774 1142 2822 aut
1259 2781 1263 2788 ·

284 2855 354 2936 Qui
369 2855 503 2935 partum?
522 2857 591 2920 Non
609 2858 638 2918 in
654 2877 728 2921 caro
746 2857 847 2918 nidore
866 2855 1006 2935 voluptas

221 2973 222 2976 ¹
285 2947 480 3020 Summa,sed
494 2949 521 3009 in
539 2965 568 3010 te
583 2948 707 3029 ipsoesl.
722 2948 772 3010 Tu
786 2947 976 3032 pulmentaria
991 2968 1128 3030 quaete‘
1204 2963 1244 3010 ιο

285 3043 441 3106 Sudando:
459 3044 597 3125 pinguem
614 3045 712 3116 vitiis,
731 3045 905 3126 albumque,
923 3061 1023 3125 neque
1037 3044 1151 3120 ostrea,

285 3137 350 3200 Nec
369 3137 482 3212 scarus,
502 3141 553 3201 aut
572 3141 678 3222 poterit
694 3137 959 3227 peregrinajuvare
979 3140 1081 3222 lagois.

286 3231 350 3292 Vir
362 3250 459 3294 tamen
473 3232 615 3313 eripiam,
632 3233 729 3314 posito
740 3251 875 3315 pavone,
893 3232 967 3296 velis
980 3235 1054 3313 quin

287 3325 357 3389 Hoc
373 3327 490 3407 potius,
508 3345 595 3408 quam
611 3313 736 3410 gallina,
753 3343 866 3408 tergere
885 3325 1031 3408 palatum,

203 3433 207 3440 ‘
287 3417 456 3500 Corruptus
475 3421 558 3484 vanis
574 3437 671 3483 rerum
681 3421 794 3501 ;;quia·
807 3435 913 3482 veneat
932 3439 1007 3482 auro
1058 3499 1064 3505 ψ
1208 3437 1246 3502 25

288 3513 364 3575 Rara
382 3516 466 3586 avis,
481 3514 512 3578 dr
533 3515 610 3597 pidia
621 3515 727 3596 pandat
738 3514 900 3596 spedacula
917 3515 1031 3576 cauda:

289 3603 446 3690 'lsanquam
458 3607 494 3666 ad
506 3626 572 3679 rem
581 3608 701 3672 attineat
715 3609 888 3688 quidquam.
899 3607 979 3674 Num
990 3605 1115 3668 vesceris
1126 3605 1196 3678 isla,

291 3691 395 3775 Quam
410 3697 528 3772 laudas,
545 3689 663 3782 pluma?
685 3700 773 3770 coslo
791 3719 863 3765 num
882 3699 959 3765 aden
971 3700 1069 3762 honor
1081 3699 1158 3764 idem
1169 3697 1181 3758 i
1193 3719 1203 3742 ι’

290 3790 388 3855 Carne
407 3811 506 3856 tamen
523 3796 663 3876 quamvis
682 3795 766 3857 dislat
781 3796 851 3856 nihil
869 3796 924 3857 hac
939 3795 1032 3877 magis
1044 3793 1108 3882 illa,
