2822 4668
283 345 940 432 urrsrousuumuru.sr
1026 364 1099 456 ης·
1174 429 1177 436 ,

139 511 223 578 Dum
238 512 324 590 lices,
337 513 370 575 δι
389 514 508 576 vultum
528 512 625 576 servat
646 513 765 576 fortuna
774 515 959 598 'benignum
1059 535 1099 584 ιο

138 605 244 668 Rornae
259 603 392 667 laudetur
407 603 528 679 Samos,
552 605 584 668 u
596 604 706 679 Chios,
723 607 754 669 δι
772 603 896 670 Rhodos
912 608 1038 678 absens..
1087 626 1115 672 s

138 699 208 770 Tu,
231 717 441 781 quamcunque
459 698 545 762 Deus
561 700 615 761 ribi
634 698 830 774 fortunaverit
847 702 965 778 boram,
1003 699 1006 706 ’

138 789 231 854 Grata
251 790 331 854 sume
353 811 462 869 manu3
483 781 537 856 rlec
548 794 642 856 dulcia
660 792 746 858 differ
767 796 797 856 in
818 813 945 873 annum

138 886 182 948 Ur
201 903 379 967 quocunque
394 886 465 948 loco
485 883 589 961 iberis,
606 885 711 950 vieille
727 887 850 950 libenter

137 981 186 1044 Te
202 981 297 1043 dicas:
318 998 386 1040 nam
403 977 519 1042 stratio
533 981 563 1043 br
582 981 732 1062 prudentia
745 1000 849 1058 curas,
1056 1001 1095 1068 ας

138 1076 209 1138 Non
231 1075 317 1138 locus
331 1073 415 1137 effusi
431 1075 488 1138 late
506 1076 595 1137 maris
613 1077 736 1152 arbiter,
756 1075 870 1153 aufem

138 1171 278 1243 Caelum,
292 1190 352 1232 non
366 1171 496 1240 animum
511 1187 645 1244 mutant,
664 1174 717 1254 qui
733 1187 813 1234 trans
835 1190 916 1236 mare
933 1176 1067 1238 currunt.

137 1263 263 1326 Strenua
281 1281 337 1324 nos
352 1279 468 1325 exercet
484 1260 606 1327 inertia:
627 1265 752 1326 navibus
767 1277 856 1346 atque

137 1357 297 1438 Quadrigis
318 1358 443 1439 petimus
459 1358 535 1420 bene
557 1357 674 1420 vivere:
694 1357 775 1438 quod
794 1357 885 1442 petis,
902 1357 951 1422 uic
966 1354 1025 1435 ell3

137 1453 185 1516 Eli
203 1451 324 1515 Ulubris
329 1475 341 1532 ;
360 1453 473 1518 animus
487 1452 509 1514 li
523 1471 553 1516 te
565 1471 629 1517 nou
647 1451 745 1518 deficit
768 1471 884 1537 aequus.
1057 1467 1098 1534 30

455 1553 471 1592 Ι

332 1721 895 1800 EP1STOLAx11.

420 1957 806 2026 lurcorum

156 2188 310 2252 Solaturin
328 2189 401 2252 tenui
421 2211 445 2249 re
459 2189 692 2273 philosophantem
707 2189 822 2252 amicum
831 2235 842 2264 ,
857 2188 905 2271 qui
919 2189 1044 2270 planem
1063 2185 1077 2250 ι’

378 2304 448 2344 ceno
466 2285 589 2346 avaritie
607 2285 712 2344 mallen
731 2284 875 2362 nequibas..

137 2429 348 2544 Fruerruus
363 2468 509 2552 Agrippae
532 2467 656 2544 Siculis,
671 2486 749 2549 quos
763 2465 893 2550 colligis,
906 2466 983 2546 leci,

138 2565 169 2629 Si
188 2564 267 2628 reele
281 2563 403 2636 frueris,
421 2581 482 2624 non
501 2561 542 2624 ell
563 2576 597 2624 ut
614 2563 699 2644 copia
716 2560 814 2648 major

136 2657 187 2718 Ab
205 2656 283 2720 Jove
300 2655 401 2720 donari
416 2653 502 2740 pollrr
519 2651 589 2718 ribi:
618 2653 689 2716 tolle
706 2652 863 2736 querelam

137 2752 253 2834 Pauper
266 2751 345 2814 enim
361 2767 422 2812 non
438 2745 497 2821 est,
514 2748 562 2812 cui
581 2767 678 2812 rerum
697 2747 821 2832 suppetit
842 2747 923 2812 ηὼς.

92 2853 95 2858 ’
137 2843 168 2905 Si
180 2841 417 2916 ventriibeuedr
434 2841 516 2904 lateri
531 2841 572 2906 est
588 2841 766 2926 pedibusque
778 2843 855 2918 ruis,
875 2843 917 2906 nil
1081 2859 1098 2931 5

136 2939 258 3002 Divitiae
271 2952 409 3020 poterunt
429 2937 539 3020 regales
556 2937 662 3000 addere
677 2936 782 3018 majus.
870 2955 873 2961 ·

138 3029 168 3096 Si
185 3029 261 3094 forre
280 3031 310 3092 in
329 3031 426 3094 merlio
447 3028 609 3110 positorum
634 3029 808 3104 abstemius,
826 3031 925 3096 herbis

137 3121 227 3185 Vivis
246 3124 277 3186 δι
300 3124 412 3198 urtica;
433 3121 473 3186 src
490 3123 596 3196 vives,
621 3123 756 3203 protinus
772 3138 807 3184 ut
825 3138 856 3186 te

135 3212 301 3276 Confestim
311 3214 443 3298 liquidus
462 3211 602 3276 Fortunae
616 3211 699 3276 rivus
720 3214 852 3279 inauret:

136 3305 198 3368 Vel
214 3309 284 3390 quia
297 3325 431 3372 naturam
447 3323 562 3369 murare
577 3309 700 3389 pecunia
714 3308 825 3386 uescit3
1061 3331 1100 3376 ιο

137 3398 197 3464 Vel
215 3403 284 3483 quia
302 3401 407 3465 cunlla
426 3415 513 3482 putas
528 3419 587 3463 uua
603 3401 712 3464 virture
729 3405 853 3467 minora.

136 3493 282 3560 Miramur
300 3492 323 3555 sr
344 3493 511 3558 Democriti
525 3512 616 3575 pecus
629 3495 687 3556 edit
703 3496 815 3578 agellos

137 3589 305 3672 Cultaque,
321 3592 390 3654 dum
411 3608 531 3673 peregre
545 3591 586 3654 est
601 3591 714 3654 animus
731 3591 791 3656 lure
808 3611 936 3676 corpore
950 3595 1065 3661 veloxs

91 3687 94 3692 ’
135 3680 216 3744 Cum
234 3699 269 3746 tu
286 3686 361 3746 inter
379 3683 503 3746 scabiem
517 3699 650 3758 santam,
667 3687 698 3748 u
714 3687 851 3768 contagia
869 3685 962 3763 lueri,

138 3772 190 3836 Nil
205 3793 333 3856 parvum
348 3774 459 3862 sapias,
475 3777 509 3842 δι
525 3777 619 3842 adbuc
642 3776 776 3840 sublimia
791 3794 911 3876 cureszl
1062 3793 1097 3860 ις
