2770 4650
256 340 259 350 “
299 335 658 450 cnaurnium
705 373 814 448 mu.
852 375 943 450 111.

144 539 203 604 llic
221 482 281 603 diis
296 559 368 603 vere
390 537 462 602 mihi
478 535 569 602 fellus
587 555 665 620 atras

143 631 261 695 Eximet
281 651 387 696 curas:
411 651 469 715 ego
490 651 547 694 nec
560 633 744 708 tumultum,

142 727 208 793 Nec
227 730 306 791 mori
327 749 380 812 per
397 730 458 790 vim
476 746 624 802 metuam,
644 743 763 791 tenente

372 823 488 890 Caesare
504 841 610 889 terras·

144 981 179 1056 1,
200 1003 267 1068 pete
290 1003 494 1068 unguentum,
517 1005 609 1069 puer,
627 985 824 1062 accaronis,

76 1161 80 1166 Ι
143 1077 182 1140 Et
201 1081 305 1142 cadum
325 1081 415 1142 Marsi
434 1101 597 1156 memorem
620 1081 726 1154 duelli,

144 1170 355 1254 Spartacumsr
377 1193 438 1257 qua
462 1177 560 1256 potuit
581 1191 739 1258 vagantem

370 1267 483 1331 Fallere
501 1265 582 1329 testa.
705 1277 709 1286 ’

582 1367 595 1402 Ι

90 1492 97 1506 ,
142 1427 202 1494 Dic
222 1429 255 1492 δι
272 1448 385 1514 argutae
406 1446 545 1514 properet
564 1428 679 1492 Neaerae

143 1521 299 1585 Murreum
316 1525 396 1586 nodo
416 1524 556 1586 cohibere
576 1524 707 1584 crinem:

143 1617 174 1678 Si
190 1637 242 1699 per
259 1617 385 1680 invisum
409 1637 492 1680 mora
512 1617 670 1697 janitorem

370 1711 455 1788 Fiet,
474 1713 564 1776 abito.

141 1867 228 1931 Lenia
244 1870 390 1932 albescens
407 1869 522 1932 animos
540 1865 661 1952 capillus

140 1962 252 2024 Litium
269 1966 301 2027 δι
318 1967 393 2026 rixae
410 1961 532 2045 cupidos
553 1977 717 2043 protervae:

140 2055 214 2118 Nou
235 2075 293 2140 ego
311 2057 369 2120 hoc
386 2054 512 2129 ferrem,
533 2054 643 2116 calidus
659 2052 801 2134 juventa,

370 2145 500 2212 Consule
518 2145 636 2218 Planco.

492 2379 641 2454 ODE
686 2381 771 2454 XV.

409 2597 473 2662 IN
520 2593 840 2662 CHLORIN.

186 2805 229 2866 Ut
243 2805 341 2887 saltem
355 2805 467 2878 vincla,
483 2803 604 2886 nequitia
618 2803 647 2864 b
662 2743 771 2864 libidini
789 2803 896 2867 moduni
914 2791 1068 2890 constiwatd

138 2943 277 3060 Uxon
294 2989 429 3072 pauperis
447 2987 554 3071 Ibyci,

183 3083 319 3146 Tandem
336 3084 478 3165 nequitiae
493 3080 552 3163 fige
570 3079 694 3144 modum
713 3083 795 3160 tuae',

138 3174 330 3258 Famosrsque
348 3174 519 3238 laboribus:

182 3273 311 3336 Maturo
327 3273 450 3356 propior
468 3267 565 3332 desua
581 3267 679 3337 funeri
724 3295 726 3300 ¹

134 3366 224 3430 Inter
239 3367 340 3429 ludere
360 3366 506 3446 virgines,
521 3439 531 3454 a

183 3458 222 3520 Et
244 3457 332 3520 stellis
352 3455 486 3520 nebulam
505 3452 639 3538 spargere
656 3456 793 3523 candidis.

134 3549 233 3622 Non,
251 3549 275 3610 fi
290 3549 361 3632 quid
376 3547 509 3611 Pholoen
531 3546 612 3622 satis,

176 3643 221 3705 Et
236 3660 285 3718 te,
301 3642 427 3716 Chlori,
442 3643 544 3703 decet:
562 3639 622 3704 filia
640 3642 749 3706 rebius

132 3735 301 3816 Expugnat
315 3733 600 3813 juvenumdomos,
773 3749 775 3756 ·

180 3823 270 3888 Pulso
287 3823 405 3906 Thyias
423 3826 469 3889 uri
485 3828 604 3892 concita
616 3845 773 3910 tympano.
856 3918 882 3982 F

901 3938 919 3984 a
