2750 4648
300 367 371 439 174
443 343 490 448 Q.
539 341 829 414 ιιοιιΑτιι
877 343 1112 417 nuncet

296 501 470 564 Ambitione
483 499 598 583 procul.
618 499 746 567 reum
763 502 863 566 dcere
874 523 938 566 non
954 505 1015 566 hoc

295 595 350 660 Me
365 595 496 678 pullum,
510 595 676 678 casuqnod
694 595 861 660 tesortitus
877 601 1024 662 amicum:

266 699 268 704 '
295 689 384 754 Nulla
397 691 504 752 etenim
522 689 593 750 mihi
615 705 645 749 te
665 686 729 750 sors
745 689 874 752 obtulit:
895 694 1028 774 optimus
1042 694 1117 756 olim

296 783 457 866 Virgilius,
478 781 544 865 poll
560 783 640 844 lusnc
652 783 779 858 Varius,
793 785 896 846 dixere
908 787 980 866 qu'd
990 787 1089 851 efftnu.
1221 805 1255 868 55

297 883 341 946 Ut
363 883 433 942 veni
449 878 733 960 coram,singultim
757 901 852 959 pauca
870 882 1005 956 loconis,

297 974 420 1058 (Infans
438 993 565 1054 namque
581 973 677 1054 pudor
697 975 873 1056 prohibebat
891 978 978 1058 plura
999 978 1134 1060 prosari)

296 1071 367 1134 Non
381 1089 441 1151 ego
457 1090 505 1131 nte
523 1069 606 1133 elato
622 1086 725 1132 natum
750 1091 850 1152 patre,
868 1093 931 1135 non
945 1093 1009 1156 ego
1027 1075 1140 1136 circum
1197 1083 1205 1094 “
1253 1067 1257 1072 ’

296 1166 350 1228 Me
367 1165 546 1245 Satureiano
567 1165 678 1228 velleri
694 1182 763 1228 tura
779 1167 913 1246 saballo,

295 1260 353 1322 Sed
366 1261 449 1342 quod
464 1279 563 1335 eram,
585 1279 692 1322 narro:
712 1260 888 1341 respondes,
901 1280 936 1326 ut
952 1281 1022 1326 tuus
1038 1264 1080 1326 est
1093 1282 1178 1338 mos,
1217 1261 1258 1325 60

296 1351 412 1415 Panes:
430 1353 523 1426 abeo;
544 1353 577 1414 δι
597 1371 722 1416 revocas
737 1373 820 1415 nono
839 1357 1046 1438 portuense,
1065 1357 1208 1438 jubesque
1327 1365 1332 1380 '

295 1441 362 1508 Esse
381 1445 411 1504 in
430 1445 594 1506 amicorum
607 1463 747 1506 numero.
769 1447 914 1528 Magnum
937 1449 995 1510 hoc
1010 1469 1069 1530 ego
1080 1451 1181 1522 duco,

297 1539 396 1620 Quod
415 1538 511 1620 placui
526 1539 600 1618 tihi,
620 1540 672 1618 qui
688 1541 768 1620 turpi
784 1541 908 1603 secernis
931 1541 1105 1618 honesturn,

296 1633 368 1697 Non
387 1651 470 1717 patre
484 1631 645 1715 preclaro,
666 1631 714 1694 sed
731 1627 794 1696 vita
816 1635 848 1696 δι
865 1635 992 1717 pedore.
1001 1657 1088 1716 puro.

297 1728 392 1808 Atqui
409 1726 430 1788 si
449 1726 526 1788 vitiis
542 1725 756 1800 mediocribus,
780 1747 815 1788 ac
829 1745 895 1788 mea
912 1730 1012 1808 paucis
1145 1763 1148 1771 .
1218 1729 1255 1808 65

295 1818 438 1886 Mendosa
459 1816 500 1878 est
518 1834 641 1887 natura,
658 1817 771 1899 alioqui
793 1817 892 1891 redsa,
912 1818 1016 1898 (velut
1031 1817 1054 1878 st

263 1937 266 1946 ’
297 1917 425 1998 Egregie
442 1911 583 1992 inspersos
607 1913 765 1992 reprendas
784 1932 911 1993 corpore
927 1913 1052 1994 naevos)

296 2007 329 2070 Si
344 2028 439 2090 neque
454 2007 629 2078 anatinam,
646 2023 742 2086 neque
765 2003 883 2078 sordes,
901 2024 956 2066 uec
974 2007 1050 2066 mala
1066 2005 1157 2068 lustra

297 2101 428 2184 Objiciet
449 2118 519 2161 vere
537 2096 691 2180 quisquam
714 2097 805 2172 mihi;
826 2118 918 2178 putus
933 2099 966 2164 δι
984 2097 1084 2160 insons

296 2195 360 2276 (Ut
379 2213 425 2255 nte
437 2191 621 2272 collaudent)
642 2190 664 2252 si
683 2193 714 2252 δι
726 2193 801 2253 vivo
815 2211 902 2255 carus
916 2192 1035 2254 antitis:
1215 2209 1257 2270 7⁰

295 2288 395 2354 Causa
409 2288 467 2350 suit
482 2305 564 2368 pater
583 2289 642 2358 his,
660 2289 715 2369 qui
731 2307 833 2350 macto
849 2305 964 2370 pauper
980 2279 1078 2368 agello

296 2384 402 2448 Noluit
414 2384 444 2444 in
466 2381 552 2444 Flavi
570 2382 670 2446 ludum
689 2401 737 2446 nte
755 2383 889 2464 mittere,
907 2383 1008 2462 magni

283 2471 375 2558 'Quo
391 2475 474 2558 pueri
491 2475 604 2555 magnis
619 2493 637 2536 e
657 2467 879 2539 ceniuriontbus
894 2477 971 2549 orti,
1100 2471 1106 2480 ’

295 2571 390 2634 Laevo
410 2565 534 2648 suspensi
549 2567 666 2631 loculos
681 2567 869 2650 tabulamque
886 2568 1017 2642 lacerto,

232 2655 241 2671 ’
299 2663 385 2744 Ibant
397 2661 512 2748 odoqis
533 2659 690 2726 reserentes
707 2660 803 2722 ldibus
817 2679 885 2722 era.
1219 2677 1254 2740 73

296 2757 354 2824 Sed
369 2775 493 2840 puerum
510 2753 654 2843 eslausus
675 2753 799 2818 Romam
817 2771 955 2834 portate,
971 2751 1138 2814 docendum

296 2856 407 2924 Artes,
425 2871 498 2933 quas
517 2851 624 2912 doceat
638 2849 735 2930 quivis
751 2869 842 2930 eques
858 2865 952 2934 atque
966 2847 1081 2910 senator

298 2948 396 3012 Semet
413 2962 591 3030 prognatos:
609 2943 719 3008 vestem
738 2943 895 3024 servosque
916 2943 1068 3025 sequentes
1096 3018 1100 3030 Ν

299 3039 335 3102 Ιιι
354 3060 464 3122 magno
481 3055 516 3102 ut
531 3039 646 3121 populo
660 3038 683 3102 st
699 3039 765 3120 quis
780 3037 911 3112 vidisset,
932 3040 1014 3100 avita

298 3136 345 3198 Ex
360 3156 393 3201 re
412 3133 534 3216 praeberi
548 3132 659 3200 sumtus
674 3129 745 3195 inihi
763 3133 895 3196 crederet
908 3132 985 3196 illos.
1218 3128 1265 3191 80-

203 3301 222 3320 ι
300 3225 363 3312 lpse
375 3228 444 3290 mihi
459 3225 555 3288 custos
572 3223 835 3305 incorruptiffimus
852 3244 956 3308 omnes
1155 3307 1156 3310 Ἴ

299 3321 424 3388 Circum
439 3320 574 3386 <tonores
586 3321 693 3390 aderarr
709 3319 794 3402 Quid
814 3318 927 3382 multa?
947 3320 1085 3406 puditum
1259 3372 1261 3380 ,

300 3413 388 3496 (Qui
407 3414 517 3494 primus
532 3411 647 3476 virtutis
671 3410 788 3491 honos)
806 3410 936 3472 servavit
953 3411 990 3472 ab
1007 3411 1088 3472 omni

300 3509 372 3572 Non
393 3505 485 3570 solum
500 3505 599 3580 fasso,
617 3525 722 3572 verum
740 3508 905 3590 opprobrio
925 3526 1047 3588 quoque
1062 3506 1159 3590 turpia
1249 3525 1253 3546 ·

300 3602 366 3665 Nec
385 3603 501 3676 timuit,
521 3601 575 3664 fibi
597 3621 634 3666 ne
651 3603 727 3666 vitio
746 3604 813 3684 quis
830 3619 974 3674 verteret,
986 3601 1067 3662 'olim
1219 3595 1256 3678 ὅς’

298 3698 331 3762 st
348 3715 584 3776 praeoptatus,
602 3714 653 3760 aut
669 3699 725 3779 (ut
746 3694 801 3760 fuit
814 3695 895 3778 ipse)
916 3695 1036 3760 coaslor

187 3816 190 3824 ¹
302 3789 453 3854 Mercedes
467 3786 616 3872 sequerer:
634 3809 732 3876 neque
747 3809 804 3870 ego
817 3789 1043 3870 essentquestus.
1057 3788 1102 3850 At
1112 3789 1172 3852 hoc
1184 3805 1261 3850 nunt
