2750 4648
294 339 361 408 162
449 336 495 442 Q·
533 335 814 410 uonnrtr
854 341 1089 413 runccr

289 491 418 554 Naribus
430 492 537 554 horum
551 495 713 556 hominum.
760 497 768 512 ⁰
822 497 947 576 'poffit‚
960 501 1096 583 eoquod
1213 522 1250 586 30

288 583 435 648 Rullicius
449 586 534 648 tonso
553 605 624 669 toga
638 589 755 665 defluit,
816 593 891 656 male
903 594 991 656 laxus

287 675 323 740 In
343 682 415 760 pede
430 682 544 743 calceus
559 683 676 745 haeret?
697 685 739 746 At
756 685 1093 759 commurmurat
1107 687 1156 751 vir

285 771 358 834 Non
372 773 443 836 alius
458 773 624 854 quisquam:
643 796 673 838 at
691 777 745 838 tibi
761 777 888 841 amicus:
906 798 936 840 ar
953 780 1104 860 ingenium
1116 783 1218 864 ingens

286 862 405 929 Inculto
418 865 487 928 latet
500 865 559 928 hoc
572 866 626 928 sub
641 889 782 949 corpore:
797 869 925 954 denique
940 893 971 934 re
980 872 1076 953 ipsum

285 955 442 1029 Concute,
455 979 526 1020 num
541 963 812 1042 quatibivitiorum
825 965 964 1029 inseverit
980 969 1054 1030 olim
1211 989 1246 1054 35
1349 969 1355 994 '

287 1053 418 1129 Natura,
438 1071 488 1116 aut
502 1057 589 1118 etiam
609 1057 792 1122 consuetudo
809 1062 904 1124 mala:
920 1082 1050 1145 namque
1364 1065 1365 1086 ¹

246 1209 250 1236 Ι
284 1145 433 1227 Negleslis
450 1149 558 1210 urenda
575 1147 638 1210 filix
653 1141 811 1214 innascitt'tr
825 1155 910 1234 agris.

286 1239 361 1303 Illuc
380 1259 612 1322 praeverramur:
635 1261 798 1306 amatorem
816 1245 897 1326 quod
915 1247 1017 1310 amicae

178 1381 186 1388 .
285 1331 399 1415 Turpia
415 1335 561 1415 decipiunt
578 1353 692 1398 caecum
706 1338 795 1410 vitia,
808 1355 858 1400 aut
872 1339 960 1402 ctiam
974 1337 1033 1420 ipsa
1052 1339 1117 1404 haec

286 1425 444 1492 Delefilant
451 1448 462 1502 3
481 1426 574 1489 veluti
589 1427 745 1492 Balbinum
763 1430 894 1512 polypus
907 1431 1039 1514 Hagnae:
1208 1453 1245 1511 ro
1365 1497 1366 1524 ,

204 1561 207 1568 .
285 1521 403 1583 Vellem
423 1523 453 1583 in
473 1522 596 1584 amicitia
609 1520 649 1584 fic
662 1541 842 1599 ermremus3
861 1524 893 1586 δι
910 1525 953 1586 isli
1048 1587 1052 1596 ,

284 1615 387 1678 Ettori
405 1633 514 1678 nomen
533 1616 628 1676 virtus
647 1615 784 1697 posuisset
799 1617 961 1680 honestum.

183 1743 188 1787 ,ι
283 1711 344 1784 At,
361 1724 443 1792 peter
457 1726 490 1770 ut
506 1708 604 1790 gnati,
616 1707 656 1770 src
671 1729 727 1772 nos
741 1709 880 1775 debemus
898 1712 1002 1784 amici.

282 1804 313 1866 Si
326 1805 408 1884 quod
418 1802 452 1864 sn
464 1802 588 1878 vitium,
606 1821 668 1870 non
685 1803 830 1868 fastidire:
848 1803 1013 1869 strabonem
1102 1849 1106 1854 -

281 1895 422 1980 Appellat
437 1897 547 1958 Paetum
562 1913 662 1979 pater3
679 1897 709 1959 ur
723 1897 1068 1984 eruummateparvus
1204 1921 1242 1988 ⁴5
1366 1957 1367 2002 3

282 1991 313 2054 Si
325 1993 372 2054 cui
387 1989 465 2051 lilius
479 1989 538 2062 eli,
553 2008 586 2052 ut
604 1990 758 2053 abortivus
774 1989 832 2052 fuit
851 1990 922 2052 olim

138 2072 146 2090 ’
281 2085 443 2166 Sisyphus:
464 2084 558 2157 hunc,
575 2082 712 2155 Varum,
734 2081 858 2146 distortis
876 2086 1029 2161 cruribus;
1047 2085 1134 2150 illum

280 2179 413 2242 Balbutit
430 2176 592 2250 Scaurum,
610 2177 708 2256 pravis
722 2173 829 2238 fultum
844 2179 920 2240 male
932 2180 1007 2256 talis.
1124 2268 1126 2272 Ι

182 2321 187 2334 ,
280 2271 399 2334 Parcius
416 2273 462 2334 hic
480 2270 576 2332 vivit?
596 2268 673 2350 frugi
692 2269 824 2330 dicatur:
842 2270 959 2352 ineptus
1367 2355 1368 2362 ἵ

281 2367 319 2428 Et
337 2363 494 2444 jasianrior
515 2363 561 2426 hic
576 2361 666 2444 paulo
686 2359 748 2424 esl?
768 2363 933 2433 concinnus
950 2364 1047 2430 amicis
1205 2387 1242 2450 50
1367 2379 1368 2392 ¹

183 2519 186 2522 ,
281 2458 409 2522 Postulat
420 2474 453 2517 ut
467 2454 616 2518 videatur:
633 2470 663 2516 at
679 2453 720 2516 esi
735 2455 949 2532 truculentior,
962 2475 1051 2539 atque

279 2551 348 2614 Plus
367 2555 455 2632 aequ'o
471 2546 564 2608 liber?
584 2545 706 2628 simplex
725 2544 866 2629 sortisque
885 2547 1053 2635 habentur.¹

280 2645 400 2708 Caldior
416 2639 479 2704 est?
498 2659 578 2702 actes
594 2640 668 2704 inter
687 2658 879 2708 numeretur:
896 2642 1022 2722 opinor,

281 2742 358 2803 Haec
374 2758 420 2800 tes
440 2737 470 2798 δι
485 2735 604 2816 jungit,
620 2735 737 2814 junelos
758 2735 790 2798 &
811 2735 908 2800 servat
925 2740 1045 2802 amicos.

279 2836 323 2896 At
336 2853 391 2896 nos
407 2833 532 2892 virtutes
552 2828 625 2910 ipsas
641 2832 835 2906 invertimus,
853 2849 943 2914 atque
1173 2835 1176 2840 '
1206 2854 1238 2918 55

279 2927 429 2992 Sincerum
446 2924 582 3006 cupimus
601 2941 655 2984 vas
673 2923 838 2987 incrustare.
856 2925 970 2988 Probus
984 2926 1050 3008 quis

279 3018 439 3082 Nobiscum
455 3017 550 3092 vivit;
566 3016 693 3086 multum
710 3017 751 3081 esi
768 3018 900 3082 demissus
917 3020 1028 3084 homo:
1042 3018 1087 3082 illi

280 3112 401 3182 Tardo,
416 3128 581 3192 cognomen
597 3110 697 3191 pingui
713 3113 833 3174 damus:
848 3111 896 3172 hic
915 3110 989 3193 fugit
1004 3130 1108 3176 omnes
1183 3130 1189 3152 =
1250 3162 1253 3170 ,

227 3210 231 3215 ’
249 3206 252 3222 ’
279 3207 417 3280 Insidias,
434 3207 564 3288 nullique
579 3205 657 3268 malo
671 3206 748 3268 latus
767 3205 851 3270 obdit
869 3225 1040 3288 apertum3-
1146 3277 1149 3285 γ
1167 3210 1174 3227 ’

280 3299 379 3383 (Cum
397 3315 488 3380 genus
500 3296 559 3370 hoc
570 3295 647 3368 inter
658 3299 728 3358 vitae
743 3295 895 3372 versetur,
911 3298 961 3358 ubi
972 3299 1046 3360 acris
1198 3301 1237 3362 60

217 3463 225 3470 ,
278 3393 408 3464 Invidia,
425 3408 512 3471 arque
527 3390 625 3472 vigent
640 3390 690 3452 ubi
706 3391 848 3472 crimina)
868 3409 923 3472 pto
941 3393 1015 3454 bene
1029 3390 1100 3454 sano

279 3485 328 3548 Ac
345 3501 405 3542 non
419 3481 559 3553 incauto,
579 3477 679 3542 siclum
695 3481 882 3563 astutumque
899 3501 1051 3544 vocamus.
1153 3555 1156 3560 Ι
1251 3531 1255 3538 .

279 3576 441 3658 Simplicior
460 3576 545 3656 quis,
562 3573 596 3636 &
614 3574 673 3648 est,
689 3576 804 3658 qualem
820 3595 867 3638 me
882 3575 957 3656 saepe
974 3576 1096 3636 libenter

279 3671 448 3733 Obtulerim
461 3667 530 3740 tibi,
544 3666 711 3741 Maecenas,
730 3686 762 3729 ur
777 3665 855 3744 sorte
869 3667 1013 3748 legentem
1135 3731 1142 3740 ,

279 3767 343 3830 Aut
361 3763 478 3827 tacitum
497 3761 626 3846 impellat
641 3745 750 3843 quovis
769 3761 920 3838 sermone?
939 3760 1093 3824 molellusl
1197 3765 1235 3846 65
