2750 4648
304 375 665 477 sannionum
703 391 821 472 tra.
858 399 887 470 1.
1016 401 1079 478 161
1198 395 1202 478 J

382 567 677 760 SATINA
727 683 822 756 ΙΙΙ.

201 913 243 978 tn
265 907 630 1004 onarncnatonas
650 902 704 972 ar
728 903 1002 1000 suraacmuu

509 1035 706 1102 stotcun.

121 1167 312 1282 Onnum
330 1211 388 1276 hoe
405 1210 567 1300 attamen
584 1211 988 1285 manumitterentur

119 1303 165 1368 Ut
178 1323 330 1390 nunquam
343 1303 480 1367 inducant
498 1303 631 1365 animum
649 1319 768 1366 cantate
784 1305 896 1387 rogatu
917 1335 919 1357 ι

118 1397 224 1481 lnjuffi
237 1411 387 1482 nunquam
403 1395 543 1460 tenuant.
556 1397 663 1460 Sardus
676 1397 802 1460 habebat
819 1443 821 1452 1

119 1495 174 1558 Ille
187 1495 332 1578 Tigellius
345 1495 411 1557 hoe.
424 1491 541 1568 Cesar,
554 1494 605 1576 qui
616 1509 726 1576 cogare
738 1490 851 1576 pollet,

119 1585 154 1649 st
168 1603 279 1668 peteret
291 1607 343 1670 pet
357 1588 515 1650 amicitiam
531 1589 621 1668 patris
630 1603 720 1669 atque
734 1587 831 1662 suam,
846 1601 912 1651 non
1067 1605 1081 1674 5
1105 1596 1110 1604 ’

119 1677 296 1762 Quidquam
309 1678 484 1762 proliceret:
500 1674 726 1756 ficullibuiffet',
738 1679 776 1742 ab
792 1698 858 1743 ovo

118 1771 223 1856 Usque
241 1773 277 1834 ad
291 1771 366 1834 mala
378 1773 501 1845 citaret,
517 1771 554 1834 lo
565 1771 701 1838 Bacchei
714 1773 806 1837 modo
817 1771 853 1844 su
882 1785 930 1836 ma

119 1865 227 1939 voce,
245 1864 336 1926 modo
355 1864 427 1937 hac,
445 1861 560 1925 resonat
571 1880 641 1945 quae
654 1859 774 1926 chordis
786 1791 916 1946 quazot
928 1862 995 1926 ima.

120 1955 175 2018 Nil
189 1955 302 2041 aequale
315 1954 430 2016 homini
442 1951 498 2018 fuit
510 1953 567 2018 illi:
586 1951 663 2036 supe
681 1953 764 2018 velut
780 1954 833 2038 qui

120 2048 270 2114 Currebat
284 2047 398 2131 fugiens
413 2046 544 2124 hostem,
562 2047 691 2132 petsaepa
709 2049 793 2112 velut
807 2049 862 2131 qui
1047 2061 1084 2110 ιο

119 2145 246 2222 Iunonie
259 2143 338 2208 sacra
348 2143 437 2206 letter
449 2162 457 2206 :
471 2143 596 2206 habebat
608 2143 685 2227 saepe
697 2145 861 2218 ducentos,

122 2239 213 2322 Saepe
224 2239 324 2308 decem
337 2237 456 2300 servos:
474 2238 565 2300 modo
577 2255 660 2319 reget
673 2255 761 2322 atque
778 2236 957 2310 tetrarchae,

119 2329 232 2394 Omnia
246 2347 367 2412 magna,
381 2331 518 2412 loquens:
533 2331 642 2405 modo,
655 2329 697 2394 Sit
714 2332 784 2393 milri
800 2329 899 2395 mensa
911 2332 1015 2414 tripes,
1031 2329 1064 2394 u

120 2425 250 2488 Concha
262 2422 325 2487 salis
338 2425 423 2504 puri,
438 2426 470 2486 δι
487 2441 576 2505 toga,
596 2443 664 2506 que
681 2421 835 2488 defendere
849 2423 962 2507 frigus,

62 2551 66 2564 =
122 2518 275 2601 Quamvis
289 2515 396 2589 cralla,
407 2531 505 2598 queat.
520 2516 629 2579 Decies
641 2532 763 2578 centena
778 2515 896 2580 dedillea
1047 2531 1083 2600 ις

121 2613 206 2676 Huic
220 2631 311 2696 pateo
326 2610 424 2694 paucis
440 2625 599 2683 contento,
620 2611 752 2692 quinque
768 2607 872 2672 diebus

121 2707 171 2770 Nil
187 2707 295 2772 eratin
309 2706 430 2770 loculis:
446 2706 548 2770 nouas
559 2701 698 2786 vigilabat
713 2704 749 2765 ad
768 2700 862 2786 ipsum

119 2799 231 2874 Mane3
249 2799 325 2860 diem
343 2813 440 2860 totum
455 2795 605 2860 stertebat:
626 2796 666 2858 nil
678 2794 735 2858 fuit
753 2813 886 2880 unquam
1004 2787 1009 2800 '

121 2892 167 2955 Sic
181 2894 277 2976 impar
290 2890 350 2954 sibi.
365 2892 451 2954 Nunc
461 2890 564 2973 aliquit
576 2891 653 2954 dicat
666 2890 756 2952 mihi:
771 2887 855 2972 Quid
874 2889 931 2952 tul
1144 2881 1145 2888 ἵ

121 2985 251 3049 Nullane
269 2985 357 3048 habes
377 2986 466 3049 vitia?
486 2978 584 3047 Immo
595 2984 672 3059 alia,
686 2984 720 3046 dt
736 2983 854 3048 fortalle
869 2985 994 3048 minora.
1045 3002 1086 3050 aa

121 3077 253 3146 Maenius
272 3075 417 3140 absentem
434 3077 567 3140 Novium
586 3097 655 3140 cunr
669 3094 817 3161 carpeneta
832 3080 916 3144 Heus
928 3095 981 3156 tu,

122 3173 256 3257 Quidam
272 3175 330 3247 ait,
349 3173 466 3256 ignoras
484 3171 537 3234 tel
556 3191 593 3234 an
609 3186 644 3234 ut
660 3172 796 3254 ignotum
811 3175 881 3239 dare
899 3175 985 3238 nobis

122 3270 327 3364 Verbaputas
335 3271 354 3332 l.
362 3269 487 3351 Egomet
504 3266 545 3329 mi
569 3265 710 3350 igaosto,
723 3267 850 3335 Munius
864 3271 971 3355 inquit.

120 3361 237 3426 Stultus
253 3359 285 3424 δι
299 3363 454 3445 improbus
467 3347 618 3424 tricarim
636 3361 698 3438 est,
716 3361 876 3446 dignusque
888 3363 996 3430 notari.

120 3457 204 3520 Cum
216 3475 268 3520 tua
282 3457 432 3539 pervideas
445 3449 541 3518 daulis
556 3456 632 3520 mala
647 3455 743 3540 lippus
757 3457 905 3532 inunctis,
1045 3471 1082 3540 ος

120 3550 188 3614 Cur
201 3553 232 3612 in
246 3553 407 3614 amicorum
419 3549 499 3611 vitiis
513 3563 572 3612 tam
585 3551 681 3613 cernis
698 3565 837 3623 acutum,
1020 3566 1029 3572 “

81 3697 88 3706 .
108 3643 231 3724 Quam
249 3660 301 3706 aut
319 3642 436 3726 aquila,
454 3658 505 3706 aut
521 3641 636 3725 serpens
650 3640 842 3726 Epidaurius?
856 3640 900 3707 At
913 3641 968 3706 tibi
982 3655 1086 3708 tunna

120 3735 254 3812 Evenit,
272 3736 419 3818 inquirant
432 3734 548 3797 vitiant
560 3750 614 3796 tua
632 3732 731 3796 rursus
745 3733 840 3804 &illi
904 3793 905 3800 ,
1006 3747 1011 3770 ¹

121 3826 299 3892 Iracundiot
315 3825 459 3918 ellpaulo
471 3825 483 3887 l
496 3827 592 3896 minus
603 3841 689 3910 aptus
700 3825 794 3914 anapia
810 3907 812 3916 Ι

208 3924 352 3986 Horatius.
636 3994 640 4003 „
900 3919 924 3982 lt
968 3973 973 3998 ἱ
1019 4000 1022 4008 1
