2822 4668
158 318 163 436 ζ
269 289 952 474 rutero-nnnumnr'b.q
1022 356 1088 461 ψ
1154 306 1158 314 „

141 527 288 592 lneuriant
302 524 393 590 aliena
406 524 458 586 tibi
475 537 596 606 peccata
613 523 763 605 pudorem.
838 541 842 560 ¹

87 644 90 654 ·
141 619 297 694 Fallimur,
312 619 341 682 dt
359 617 507 702 quondam
526 636 587 678 non
604 618 723 698 dignum
745 616 898 680 tradimus:
918 636 991 700 ergo

142 713 244 794 Quem
258 713 306 774 sua
316 715 402 792 culpa
416 725 546 792 premet,
568 710 707 792 deceptus¹
721 711 824 774 omitte
843 712 935 786 rueri3

141 805 185 868 Ut
199 804 312 884 penitus
329 821 450 877 norunt,
467 799 616 864 strenrent
629 798 772 876 crimina,
794 801 913 878 serves,
1058 799 1099 865 80
1131 853 1138 873 ,
1185 809 1188 821 '

143 895 386 978 Tuterisquertuo
398 895 533 960 fidentem
549 894 700 978 presidio:
718 898 769 978 qui

141 991 242 1060 Dente
253 991 411 1055 Theonino
424 1010 489 1052 curn
503 989 746 1065 circumrodirut,
764 989 867 1071 ecquid

142 1089 190 1152 Ad
204 1103 232 1148 re
247 1085 312 1170 post
324 1086 413 1170 paulo
429 1102 563 1148 vennrra
572 1085 697 1166 pericula
711 1083 814 1148 sentis?
874 1131 876 1138 .

142 1181 219 1336 garn
235 1196 286 1242 tua
303 1199 349 1266 res
366 1182 477 1262 agitur,
495 1181 589 1262 paries
603 1199 671 1241 cunr
688 1181 842 1280 proriprus
860 1178 959 1254 ardet3
1085 1232 1090 1239 .

168 1273 429 1355 rneglediasolent
444 1274 575 1344 incendia
595 1271 707 1335 sumere
721 1275 807 1337 viree
896 1341 898 1347 y
941 1335 946 1344 ,
1060 1268 1097 1354 85

111 1421 113 1427 .
142 1365 247 1430 Dulcis
265 1369 420 1448 inexpertis
434 1367 547 1430 cultura
563 1369 691 1451 potentis
704 1369 804 1432 amici:
896 1407 900 1434 »
928 1437 930 1440 ,
999 1431 1000 1440 ,

141 1459 289 1540 Expertus
304 1461 414 1520 metuit.
431 1458 500 1534 Tu,
515 1461 583 1522 dum
602 1477 653 1525 rua
669 1462 752 1522 navis
770 1462 799 1522 in
812 1461 877 1547 'alto
892 1459 950 1540 est,

144 1553 214 1615 Hoc
228 1572 298 1634 age,
316 1572 353 1614 ne
366 1570 477 1615 mutata
490 1553 647 1618 retrorsum
662 1567 691 1616 te
707 1553 782 1617 ferat
796 1573 875 1618 aura.

143 1647 281 1709 Oderunt
296 1647 416 1710 hilarem
435 1647 545 1722 trister,
566 1647 733 1731 tristemque
751 1647 865 1729 jocosr,

142 1741 278 1812 Sedatum
295 1742 420 1816 celeres,
436 1743 540 1824 agilem
558 1761 747 1824 gnavumque
763 1741 866 1806 remiffi
875 1767 887 1820 3
1059 1759 1101 1824 90

143 1833 265 1896 Potores
282 1833 372 1897 bibuli
390 1835 484 1896 media
500 1832 535 1898 de
552 1835 639 1898 noue
654 1833 768 1898 Falerni

143 1925 278 1989 Oderunt
296 1925 430 2008 porredia
446 1945 598 2010 negantem
618 1929 745 2012 pocula;
765 1929 901 2012 quamvis
931 1918 934 1924 ’

144 2021 315 2085 Nodurnos
329 2021 409 2104 jures
425 2041 454 2084 re
471 2023 629 2087 formidare
646 2043 781 2106 vapores.

143 2114 241 2188 D'eme
255 2115 409 2200 supercilio
427 2119 745 2206 nubetupplerumque
766 2119 912 2190 modestus
958 2185 969 2206 Ι,
1043 2175 1048 2183 ,
1169 2171 1172 2178 .

143 2208 283 2291 Occupat
298 2209 412 2276 obscuri
428 2211 568 2296 speciem,
586 2215 747 2278 taciturnus
761 2215 866 2276 acerbi.
1063 2229 1101 2296 95

143 2301 224 2362 lnter
237 2301 341 2366 cunila
356 2305 435 2386 leges
451 2307 483 2368 dr
500 2307 711 2386 percontabere
723 2306 828 2396 dodino
835 2350 844 2379 ‚

145 2393 218 2476 Qua
233 2397 346 2455 ratione
362 2415 451 2476 queas
470 2400 618 2459 traducere
638 2399 741 2463 leniter
756 2415 877 2472 aevum;

143 2487 192 2549 Ne
206 2503 235 2548 re
252 2484 383 2568 semper·
395 2487 481 2568 inops
498 2489 586 2574 agitet
598 2503 747 2570 vexetque
762 2488 886 2572 cupido,

120 2606 122 2620 ·
144 2580 194 2650 Ille
211 2598 320 2661 pavor,
336 2580 368 2642 &
384 2598 482 2642 rerum
502 2582 684 2644 mediocriter
701 2582 818 2644 utilium
835 2581 914 2662 spes:
938 2645 941 2652 ,

145 2673 292 2734 Virtutem
312 2671 441 2756 dodlrina
456 2689 557 2754 paret,
575 2672 839 2738 naturanedoneti
927 2737 930 2750 ¹
1048 2691 1105 2736 roo
1173 2713 1200 2748 s

145 2767 230 2850 Quid
245 2769 353 2856 mipuar
371 2787 474 2840 curas,
488 2767 558 2850 quid
568 2785 606 2834 te
621 2767 674 2834 tibi
691 2767 789 2844 reddat
802 2767 953 2848 amicum?
1043 2821 1045 2824 .

146 2860 230 2942 Quid
250 2857 522 2942 pure'tranquillet‚
542 2860 655 2936 honus,
673 2877 709 2922 an
728 2858 811 2929 dulce
829 2858 985 2936 lucellum,

143 2956 194 3016 An
210 2952 349 3015 secretum
369 2955 443 3026 iter,
461 2954 493 3016 u
514 2954 638 3016 fallentis
657 2953 756 3026 semita
773 2951 867 3020 vire?

130 3037 198 3108 'lue
216 3039 333 3129 quoties
352 3046 444 3110 reficit
463 3047 573 3130 gelidus
590 3045 730 3129 Digentia
742 3048 841 3120 rivus,
884 3103 888 3115 ,

146 3140 249 3222 Quem
269 3143 403 3204 Mandela
423 3141 778 3224 bibir‚rugosuefrignre
798 3160 909 3224 pagus3
1041 3161 1101 3241 ¹rue
1226 3195 1230 3205 t

148 3234 230 3316 Quid
249 3233 351 3296 sentire
364 3238 468 3318 putas?
484 3237 554 3316 quid
573 3235 683 3311 credie,
697 3237 804 3308 amice,
823 3236 953 3316 precarii

147 3325 662 3409 Sirmihi,quodnuncest;etiam
683 3331 794 3395 minus:
814 3329 937 3395 &mibi
950 3329 1051 3394 uiuam
1089 3371 1091 3377 ,
1214 3363 1218 3370 ·
1335 3344 1341 3354 ·

93 3423 97 3430 '
148 3419 243 3502 Quod
253 3420 382 3504 superest
393 3425 469 3496 uvi,
486 3421 509 3486 st
525 3413 597 3504 quid
612 3421 754 3504 supereffe
773 3424 879 3490 velunt
898 3421 956 3491 Di:

148 3513 189 3574 Sir
206 3515 285 3576 bona
306 3515 448 3584 librorum
466 3515 506 3578 &-
518 3515 651 3598 provisa·
659 3515 750 3598 frugis
767 3517 798 3584 in
815 3535 924 3586 enaiim
949 3567 953 3575 -

146 3607 244 3687 Copia
254 3631 264 3683 ;
284 3627 340 3670 neu
357 3608 468 3680 fluitem
486 3609 581 3672 dubiae
598 3609 647 3690 spe
664 3610 807 3689 pendulw
824 3609 915 3673 borae.
965 3655 970 3669 .
1048 3628 1105 3676 rto

146 3700 204 3762 Sed
219 3701 282 3762 saris
295 3702 335 3763 eli
352 3721 437 3767 orare
452 3703 558 3766 Iovem
577 3723 645 3785 quae
662 3707 753 3766 donar
770 3703 802 3766 δι
818 3701 929 3769 auferte

146 3793 210 3865 Det
224 3797 336 3874 viram,
353 3797 403 3864 det
415 3805 641 3898 operqequun
657 3799 696 3864 ml
712 3800 842 3871 uinum
861 3797 920 3881 lpse
938 3795 1061 3881 parabo.

882 4090 902 4124 q
