<?xml version="1.0" encoding="UTF-8"?>
<!DOCTYPE html PUBLIC "-//W3C//DTD XHTML 1.0 Transitional//EN"
    "http://www.w3.org/TR/xhtml1/DTD/xhtml1-transitional.dtd">
<html xmlns="http://www.w3.org/1999/xhtml" xml:lang="en" lang="en">
 <head>
  <title>
</title>
<meta http-equiv="Content-Type" content="text/html;charset=utf-8" />
  <meta name='ocr-system' content='tesseract 3.04.00' />
  <meta name='ocr-capabilities' content='ocr_page ocr_carea ocr_par ocr_line ocrx_word'/>
</head>
<body>
  <div class='ocr_page' id='page_1' title='image "./quintihoratiifl07horagoog_0214.png"; bbox 0 0 2826 4640; ppageno 0'>
   <div class='ocr_carea' id='block_1_1' title="bbox 216 339 1000 485">
    <p class='ocr_par' dir='ltr' id='par_1_1' title="bbox 216 339 1000 485">
     <span class='ocr_line' id='line_1_1' title="bbox 216 339 1000 485; baseline -0.009 -21"><span class='ocrx_word' id='word_1_1' title='bbox 216 455 217 464; x_wconf 15' lang='lat' dir='ltr'>t</span> <span class='ocrx_word' id='word_1_2' title='bbox 322 339 671 485; x_wconf 74' lang='lat' dir='ltr'>stauruuu</span> <span class='ocrx_word' id='word_1_3' title='bbox 711 388 820 458; x_wconf 73' lang='lat' dir='ltr'>utu.</span> <span class='ocrx_word' id='word_1_4' title='bbox 867 389 954 458; x_wconf 65' lang='lat' dir='ltr'>ru„</span> <span class='ocrx_word' id='word_1_5' title='bbox 998 395 1000 404; x_wconf 44' lang='lat'>‘</span> 
     </span>
    </p>
   </div>
   <div class='ocr_carea' id='block_1_2' title="bbox 109 547 878 910">
    <p class='ocr_par' dir='ltr' id='par_1_2' title="bbox 109 547 878 816">
     <span class='ocr_line' id='line_1_2' title="bbox 127 547 813 632; baseline -0.003 -22"><span class='ocrx_word' id='word_1_6' title='bbox 127 627 130 632; x_wconf 13' lang='grc'><em>1</em></span> <span class='ocrx_word' id='word_1_7' title='bbox 167 547 391 628; x_wconf 53' lang='lat' dir='ltr'>§ansere-,tque</span> <span class='ocrx_word' id='word_1_8' title='bbox 408 567 488 609; x_wconf 87' lang='lat' dir='ltr'>tuens</span> <span class='ocrx_word' id='word_1_9' title='bbox 509 549 581 622; x_wconf 90' lang='lat' dir='ltr'>tite,</span> <span class='ocrx_word' id='word_1_10' title='bbox 599 547 668 627; x_wconf 88' lang='lat' dir='ltr'>quid</span> <span class='ocrx_word' id='word_1_11' title='bbox 686 547 813 619; x_wconf 83' lang='lat' dir='ltr'>indoles,</span> 
     </span>
     <span class='ocr_line' id='line_1_3' title="bbox 166 634 878 722; baseline -0.004 -19"><span class='ocrx_word' id='word_1_12' title='bbox 166 641 283 703; x_wconf 89' lang='lat' dir='ltr'>Nutrita</span> <span class='ocrx_word' id='word_1_13' title='bbox 302 640 400 702; x_wconf 83' lang='lat' dir='ltr'>faustis</span> <span class='ocrx_word' id='word_1_14' title='bbox 419 639 472 702; x_wconf 91' lang='lat' dir='ltr'>sub</span> <span class='ocrx_word' id='word_1_15' title='bbox 491 641 705 722; x_wconf 83' lang='lat' dir='ltr'>penetralibus,</span> <span class='ocrx_word' id='word_1_16' title='bbox 739 634 743 651; x_wconf 51' lang='lat'><em>*</em></span> <span class='ocrx_word' id='word_1_17' title='bbox 828 715 830 721; x_wconf 21' lang='grc' dir='ltr'>Ι</span> <span class='ocrx_word' id='word_1_18' title='bbox 876 701 878 708; x_wconf 73' lang='grc'>,</span> 
     </span>
     <span class='ocr_line' id='line_1_4' title="bbox 109 733 727 816; baseline -0.005 -19"><span class='ocrx_word' id='word_1_19' title='bbox 109 775 112 788; x_wconf 84' lang='lat'><strong>·</strong></span> <span class='ocrx_word' id='word_1_20' title='bbox 205 733 315 807; x_wconf 83' lang='lat' dir='ltr'>Poffet‚</span> <span class='ocrx_word' id='word_1_21' title='bbox 336 735 404 814; x_wconf 90' lang='lat' dir='ltr'>quid</span> <span class='ocrx_word' id='word_1_22' title='bbox 425 733 701 816; x_wconf 70' lang='lat' dir='ltr'>Augustipatetnus</span> <span class='ocrx_word' id='word_1_23' title='bbox 724 801 727 808; x_wconf 54' lang='grc'><em>,</em></span> 
     </span>
    </p>

    <p class='ocr_par' dir='ltr' id='par_1_3' title="bbox 245 828 703 910">
     <span class='ocr_line' id='line_1_5' title="bbox 245 828 703 910; baseline 0.002 -20"><span class='ocrx_word' id='word_1_24' title='bbox 245 829 280 890; x_wconf 92' lang='lat' dir='ltr'>ln</span> <span class='ocrx_word' id='word_1_25' title='bbox 297 847 406 910; x_wconf 83' lang='lat' dir='ltr'>pueros</span> <span class='ocrx_word' id='word_1_26' title='bbox 425 829 540 890; x_wconf 86' lang='lat' dir='ltr'>animus</span> <span class='ocrx_word' id='word_1_27' title='bbox 560 828 703 908; x_wconf 74' lang='lat' dir='ltr'>Nerones.</span> 
     </span>
    </p>
   </div>
   <div class='ocr_carea' id='block_1_3' title="bbox 155 940 965 1350">
    <p class='ocr_par' dir='ltr' id='par_1_4' title="bbox 155 940 965 1350">
     <span class='ocr_line' id='line_1_6' title="bbox 155 940 163 968; baseline 0 0"><span class='ocrx_word' id='word_1_28' title='bbox 155 940 163 968; x_wconf 69' lang='lat' dir='ltr'>l</span> 
     </span>
     <span class='ocr_line' id='line_1_7' title="bbox 165 973 965 1050; baseline 0.001 -4"><span class='ocrx_word' id='word_1_29' title='bbox 165 985 268 1048; x_wconf 88' lang='lat' dir='ltr'>Fortes</span> <span class='ocrx_word' id='word_1_30' title='bbox 278 973 419 1048; x_wconf 73' lang='lat' dir='ltr'>&#39;creantur</span> <span class='ocrx_word' id='word_1_31' title='bbox 438 984 568 1050; x_wconf 87' lang='lat' dir='ltr'>fortibus</span> <span class='ocrx_word' id='word_1_32' title='bbox 579 985 732 1050; x_wconf 71' lang='lat' dir='ltr'>arbonis:</span> <span class='ocrx_word' id='word_1_33' title='bbox 861 1013 864 1024; x_wconf 68' lang='lat'><strong><em>¹</em></strong></span> <span class='ocrx_word' id='word_1_34' title='bbox 962 1007 965 1015; x_wconf 68' lang='lat'>¹</span> 
     </span>
     <span class='ocr_line' id='line_1_8' title="bbox 165 1079 914 1162; baseline -0.005 -20"><span class='ocrx_word' id='word_1_35' title='bbox 165 1080 258 1142; x_wconf 69' lang='lat' dir='ltr'>Eil‘in</span> <span class='ocrx_word' id='word_1_36' title='bbox 274 1081 425 1161; x_wconf 85' lang='lat' dir='ltr'>juvencis,</span> <span class='ocrx_word' id='word_1_37' title='bbox 445 1079 486 1141; x_wconf 87' lang='lat' dir='ltr'>est</span> <span class='ocrx_word' id='word_1_38' title='bbox 506 1081 534 1140; x_wconf 89' lang='lat' dir='ltr'>in</span> <span class='ocrx_word' id='word_1_39' title='bbox 551 1081 654 1162; x_wconf 85' lang='lat' dir='ltr'>equis,</span> <span class='ocrx_word' id='word_1_40' title='bbox 671 1098 790 1161; x_wconf 88' lang='lat' dir='ltr'>patrum</span> <span class='ocrx_word' id='word_1_41' title='bbox 912 1131 914 1138; x_wconf 93' lang='lat'><em>.</em></span> 
     </span>
     <span class='ocr_line' id='line_1_9' title="bbox 205 1173 736 1256; baseline 0 -20"><span class='ocrx_word' id='word_1_42' title='bbox 205 1175 322 1236; x_wconf 85' lang='lat' dir='ltr'>Virtus:</span> <span class='ocrx_word' id='word_1_43' title='bbox 345 1193 439 1256; x_wconf 89' lang='lat' dir='ltr'>neque</span> <span class='ocrx_word' id='word_1_44' title='bbox 457 1174 602 1236; x_wconf 82' lang='lat' dir='ltr'>imbellem</span> <span class='ocrx_word' id='word_1_45' title='bbox 623 1173 736 1236; x_wconf 83' lang='lat' dir='ltr'>feroces</span> 
     </span>
     <span class='ocr_line' id='line_1_10' title="bbox 246 1267 808 1350; baseline -0.004 -21"><span class='ocrx_word' id='word_1_46' title='bbox 246 1267 444 1349; x_wconf 87' lang='lat' dir='ltr'>Progenetant</span> <span class='ocrx_word' id='word_1_47' title='bbox 464 1267 572 1350; x_wconf 85' lang='lat' dir='ltr'>aquilae</span> <span class='ocrx_word' id='word_1_48' title='bbox 589 1267 766 1348; x_wconf 81' lang='lat' dir='ltr'>columbam.</span> <span class='ocrx_word' id='word_1_49' title='bbox 806 1321 808 1334; x_wconf 90' lang='grc'>,</span> 
     </span>
    </p>
   </div>
   <div class='ocr_carea' id='block_1_4' title="bbox 97 1413 776 1778">
    <p class='ocr_par' dir='ltr' id='par_1_5' title="bbox 166 1413 776 1591">
     <span class='ocr_line' id='line_1_11' title="bbox 166 1413 776 1498; baseline 0 -20"><span class='ocrx_word' id='word_1_50' title='bbox 166 1415 310 1478; x_wconf 72' lang='lat' dir='ltr'>Doiltina</span> <span class='ocrx_word' id='word_1_51' title='bbox 326 1413 372 1477; x_wconf 87' lang='lat' dir='ltr'>sed</span> <span class='ocrx_word' id='word_1_52' title='bbox 388 1417 623 1498; x_wconf 83' lang='lat' dir='ltr'>vim-promovet</span> <span class='ocrx_word' id='word_1_53' title='bbox 638 1414 776 1491; x_wconf 85' lang='lat' dir='ltr'>insuam,</span> 
     </span>
     <span class='ocr_line' id='line_1_12' title="bbox 167 1505 731 1591; baseline 0.002 -21"><span class='ocrx_word' id='word_1_54' title='bbox 167 1509 312 1591; x_wconf 72' lang='lat' dir='ltr'>Reiiique</span> <span class='ocrx_word' id='word_1_55' title='bbox 327 1509 421 1572; x_wconf 85' lang='lat' dir='ltr'>cultus</span> <span class='ocrx_word' id='word_1_56' title='bbox 438 1511 557 1590; x_wconf 69' lang='lat' dir='ltr'>peliora</span> <span class='ocrx_word' id='word_1_57' title='bbox 568 1505 731 1574; x_wconf 82' lang='lat' dir='ltr'>roborant:</span> 
     </span>
    </p>

    <p class='ocr_par' dir='ltr' id='par_1_6' title="bbox 97 1594 720 1778">
     <span class='ocr_line' id='line_1_13' title="bbox 97 1594 675 1688; baseline -0.002 -24"><span class='ocrx_word' id='word_1_58' title='bbox 97 1632 101 1640; x_wconf 92' lang='lat'>·</span> <span class='ocrx_word' id='word_1_59' title='bbox 208 1604 368 1688; x_wconf 87' lang='lat' dir='ltr'>Utcunque</span> <span class='ocrx_word' id='word_1_60' title='bbox 379 1594 515 1666; x_wconf 76' lang='lat' dir='ltr'>&#39;defecere</span> <span class='ocrx_word' id='word_1_61' title='bbox 532 1621 651 1676; x_wconf 88' lang='lat' dir='ltr'>mores,</span> <span class='ocrx_word' id='word_1_62' title='bbox 673 1667 675 1674; x_wconf 59' lang='grc'><strong>,</strong></span> 
     </span>
     <span class='ocr_line' id='line_1_14' title="bbox 247 1693 720 1778; baseline -0.004 -22"><span class='ocrx_word' id='word_1_63' title='bbox 247 1696 422 1758; x_wconf 82' lang='lat' dir='ltr'>lndecotant</span> <span class='ocrx_word' id='word_1_64' title='bbox 441 1697 515 1757; x_wconf 87' lang='lat' dir='ltr'>bene</span> <span class='ocrx_word' id='word_1_65' title='bbox 532 1715 598 1757; x_wconf 86' lang='lat' dir='ltr'>nata</span> <span class='ocrx_word' id='word_1_66' title='bbox 618 1693 720 1778; x_wconf 85' lang='lat' dir='ltr'>culpae.</span> 
     </span>
    </p>
   </div>
   <div class='ocr_carea' id='block_1_5' title="bbox 166 1833 816 2192">
    <p class='ocr_par' dir='ltr' id='par_1_7' title="bbox 170 1833 778 1923">
     <span class='ocr_line' id='line_1_15' title="bbox 170 1833 778 1923; baseline 0.002 -30"><span class='ocrx_word' id='word_1_67' title='bbox 170 1833 253 1914; x_wconf 89' lang='lat' dir='ltr'>Quid</span> <span class='ocrx_word' id='word_1_68' title='bbox 270 1835 391 1910; x_wconf 83' lang='lat' dir='ltr'>debeas,</span> <span class='ocrx_word' id='word_1_69' title='bbox 417 1856 438 1897; x_wconf 94' lang='lat' dir='ltr'>o</span> <span class='ocrx_word' id='word_1_70' title='bbox 454 1835 570 1912; x_wconf 86' lang='lat' dir='ltr'>Roma,</span> <span class='ocrx_word' id='word_1_71' title='bbox 591 1835 778 1923; x_wconf 75' lang='lat' dir='ltr'>Neronibus,</span> 
     </span>
    </p>

    <p class='ocr_par' dir='ltr' id='par_1_8' title="bbox 169 1925 816 2003">
     <span class='ocr_line' id='line_1_16' title="bbox 169 1925 816 2003; baseline 0 -15"><span class='ocrx_word' id='word_1_72' title='bbox 169 1925 262 1990; x_wconf 88' lang='lat' dir='ltr'>Tellis</span> <span class='ocrx_word' id='word_1_73' title='bbox 280 1925 445 1991; x_wconf 84' lang='lat' dir='ltr'>Metaurum</span> <span class='ocrx_word' id='word_1_74' title='bbox 463 1930 589 2003; x_wconf 86' lang='lat' dir='ltr'>flumen,</span> <span class='ocrx_word' id='word_1_75' title='bbox 608 1931 639 1990; x_wconf 73' lang='grc' dir='ltr'>δι</span> <span class='ocrx_word' id='word_1_76' title='bbox 656 1927 816 1992; x_wconf 82' lang='lat' dir='ltr'>Hasdrubal</span> 
     </span>
    </p>

    <p class='ocr_par' dir='ltr' id='par_1_9' title="bbox 166 1988 801 2192">
     <span class='ocr_line' id='line_1_17' title="bbox 166 1988 801 2106; baseline 0.003 -23"><span class='ocrx_word' id='word_1_77' title='bbox 166 2025 170 2038; x_wconf 87' lang='lat'>&#39;</span> <span class='ocrx_word' id='word_1_78' title='bbox 208 1988 370 2098; x_wconf 64' lang='lat' dir='ltr'>Delielus,</span> <span class='ocrx_word' id='word_1_79' title='bbox 389 2023 421 2084; x_wconf 76' lang='grc' dir='ltr'>δι</span> <span class='ocrx_word' id='word_1_80' title='bbox 442 2023 563 2104; x_wconf 81' lang='lat' dir='ltr'>pulcher</span> <span class='ocrx_word' id='word_1_81' title='bbox 583 2021 690 2106; x_wconf 83' lang='lat' dir='ltr'>fugatis</span> <span class='ocrx_word' id='word_1_82' title='bbox 799 2013 801 2020; x_wconf 59' lang='lat'><em>&#39;</em></span> 
     </span>
     <span class='ocr_line' id='line_1_18' title="bbox 249 2115 628 2192; baseline 0.011 -16"><span class='ocrx_word' id='word_1_83' title='bbox 249 2115 301 2190; x_wconf 88' lang='lat' dir='ltr'>Ille</span> <span class='ocrx_word' id='word_1_84' title='bbox 317 2117 376 2176; x_wconf 91' lang='lat' dir='ltr'>dies</span> <span class='ocrx_word' id='word_1_85' title='bbox 390 2116 475 2178; x_wconf 87' lang='lat' dir='ltr'>Latio</span> <span class='ocrx_word' id='word_1_86' title='bbox 488 2118 628 2192; x_wconf 85' lang='lat' dir='ltr'>tenebris,</span> 
     </span>
    </p>
   </div>
   <div class='ocr_carea' id='block_1_6' title="bbox 86 2247 692 2430">
    <p class='ocr_par' dir='ltr' id='par_1_10' title="bbox 86 2247 692 2430">
     <span class='ocr_line' id='line_1_19' title="bbox 86 2247 682 2338; baseline 0.005 -21"><span class='ocrx_word' id='word_1_87' title='bbox 86 2247 93 2257; x_wconf 78' lang='grc'><strong>’</strong></span> <span class='ocrx_word' id='word_1_88' title='bbox 170 2256 236 2336; x_wconf 88' lang='lat' dir='ltr'>Qui</span> <span class='ocrx_word' id='word_1_89' title='bbox 257 2257 368 2338; x_wconf 85' lang='lat' dir='ltr'>primus</span> <span class='ocrx_word' id='word_1_90' title='bbox 387 2259 462 2320; x_wconf 88' lang='lat' dir='ltr'>alma</span> <span class='ocrx_word' id='word_1_91' title='bbox 481 2259 539 2320; x_wconf 80' lang='lat' dir='ltr'>risit</span> <span class='ocrx_word' id='word_1_92' title='bbox 558 2260 682 2336; x_wconf 88' lang='lat' dir='ltr'>adorea,</span> 
     </span>
     <span class='ocr_line' id='line_1_20' title="bbox 170 2349 692 2430; baseline 0.004 -20"><span class='ocrx_word' id='word_1_93' title='bbox 170 2349 261 2410; x_wconf 86' lang='lat' dir='ltr'>Ditus</span> <span class='ocrx_word' id='word_1_94' title='bbox 278 2369 328 2430; x_wconf 90' lang='lat' dir='ltr'>pet</span> <span class='ocrx_word' id='word_1_95' title='bbox 345 2351 430 2410; x_wconf 87' lang='lat' dir='ltr'>urbes</span> <span class='ocrx_word' id='word_1_96' title='bbox 450 2351 521 2412; x_wconf 84' lang='lat' dir='ltr'>Afer</span> <span class='ocrx_word' id='word_1_97' title='bbox 540 2368 573 2412; x_wconf 92' lang='lat' dir='ltr'>ut</span> <span class='ocrx_word' id='word_1_98' title='bbox 590 2351 692 2425; x_wconf 84' lang='lat' dir='ltr'>lialas,</span> 
     </span>
    </p>
   </div>
   <div class='ocr_carea' id='block_1_7' title="bbox 210 2441 867 2616">
    <p class='ocr_par' dir='ltr' id='par_1_11' title="bbox 210 2441 867 2616">
     <span class='ocr_line' id='line_1_21' title="bbox 210 2441 867 2526; baseline -0.002 -20"><span class='ocrx_word' id='word_1_99' title='bbox 210 2446 274 2506; x_wconf 86' lang='lat' dir='ltr'>Ceu</span> <span class='ocrx_word' id='word_1_100' title='bbox 293 2445 408 2506; x_wconf 81' lang='lat' dir='ltr'>tlaturna</span> <span class='ocrx_word' id='word_1_101' title='bbox 424 2465 475 2526; x_wconf 89' lang='lat' dir='ltr'>pet</span> <span class='ocrx_word' id='word_1_102' title='bbox 493 2449 601 2518; x_wconf 67' lang='lat' dir='ltr'>tedas,</span> <span class='ocrx_word' id='word_1_103' title='bbox 617 2445 666 2506; x_wconf 87' lang='lat' dir='ltr'>vel</span> <span class='ocrx_word' id='word_1_104' title='bbox 687 2447 781 2506; x_wconf 90' lang='lat' dir='ltr'>Eurus</span> <span class='ocrx_word' id='word_1_105' title='bbox 864 2441 867 2446; x_wconf 80' lang='grc'><strong>’</strong></span> 
     </span>
     <span class='ocr_line' id='line_1_22' title="bbox 251 2535 783 2616; baseline -0.008 -20"><span class='ocrx_word' id='word_1_106' title='bbox 251 2535 303 2596; x_wconf 87' lang='lat' dir='ltr'>Per</span> <span class='ocrx_word' id='word_1_107' title='bbox 324 2535 433 2596; x_wconf 85' lang='lat' dir='ltr'>Siculas</span> <span class='ocrx_word' id='word_1_108' title='bbox 452 2538 593 2616; x_wconf 81' lang='lat' dir='ltr'>equitavit</span> <span class='ocrx_word' id='word_1_109' title='bbox 610 2535 709 2596; x_wconf 86' lang='lat' dir='ltr'>undas.</span> <span class='ocrx_word' id='word_1_110' title='bbox 781 2585 783 2592; x_wconf 32' lang='lat' dir='ltr'>r</span> 
     </span>
    </p>
   </div>
   <div class='ocr_carea' id='block_1_8' title="bbox 171 2673 735 3026">
    <p class='ocr_par' dir='ltr' id='par_1_12' title="bbox 171 2673 735 3026">
     <span class='ocr_line' id='line_1_23' title="bbox 171 2673 735 2755; baseline -0.005 -17"><span class='ocrx_word' id='word_1_111' title='bbox 171 2676 238 2739; x_wconf 85' lang='lat' dir='ltr'>Poll</span> <span class='ocrx_word' id='word_1_112' title='bbox 256 2677 313 2738; x_wconf 86' lang='lat' dir='ltr'>hoc</span> <span class='ocrx_word' id='word_1_113' title='bbox 332 2673 571 2755; x_wconf 86' lang='lat' dir='ltr'>secundis-usque</span> <span class='ocrx_word' id='word_1_114' title='bbox 587 2673 735 2752; x_wconf 70' lang='lat' dir='ltr'>laboribus</span> 
     </span>
     <span class='ocr_line' id='line_1_24' title="bbox 171 2768 700 2852; baseline -0.009 -18"><span class='ocrx_word' id='word_1_115' title='bbox 171 2771 307 2834; x_wconf 86' lang='lat' dir='ltr'>Romana</span> <span class='ocrx_word' id='word_1_116' title='bbox 324 2771 415 2852; x_wconf 85' lang='lat' dir='ltr'>pubes</span> <span class='ocrx_word' id='word_1_117' title='bbox 433 2769 552 2851; x_wconf 83' lang='lat' dir='ltr'>creyit,</span> <span class='ocrx_word' id='word_1_118' title='bbox 563 2768 594 2830; x_wconf 77' lang='grc' dir='ltr'>δι</span> <span class='ocrx_word' id='word_1_119' title='bbox 608 2768 700 2848; x_wconf 84' lang='lat' dir='ltr'>impio</span> 
     </span>
     <span class='ocr_line' id='line_1_25' title="bbox 213 2862 654 2944; baseline -0.009 -16"><span class='ocrx_word' id='word_1_120' title='bbox 213 2863 333 2944; x_wconf 79' lang='lat' dir='ltr'>Vallata</span> <span class='ocrx_word' id='word_1_121' title='bbox 350 2863 508 2926; x_wconf 84' lang='lat' dir='ltr'>Poenorum</span> <span class='ocrx_word' id='word_1_122' title='bbox 524 2862 654 2926; x_wconf 78' lang='lat' dir='ltr'>tumultu</span> 
     </span>
     <span class='ocr_line' id='line_1_26' title="bbox 252 2955 701 3026; baseline 0 -8"><span class='ocrx_word' id='word_1_123' title='bbox 252 2957 331 3020; x_wconf 87' lang='lat' dir='ltr'>Fana</span> <span class='ocrx_word' id='word_1_124' title='bbox 349 2956 432 3020; x_wconf 87' lang='lat' dir='ltr'>Deos</span> <span class='ocrx_word' id='word_1_125' title='bbox 449 2957 575 3026; x_wconf 89' lang='lat' dir='ltr'>habuere</span> <span class='ocrx_word' id='word_1_126' title='bbox 589 2955 701 3018; x_wconf 63' lang='lat' dir='ltr'>reatos:</span> 
     </span>
    </p>
   </div>
   <div class='ocr_carea' id='block_1_9' title="bbox 131 3096 883 3461">
    <p class='ocr_par' dir='ltr' id='par_1_13' title="bbox 131 3096 883 3461">
     <span class='ocr_line' id='line_1_27' title="bbox 173 3096 768 3182; baseline -0.005 -19"><span class='ocrx_word' id='word_1_127' title='bbox 173 3100 317 3182; x_wconf 81' lang='lat' dir='ltr'>Dixitque</span> <span class='ocrx_word' id='word_1_128' title='bbox 333 3100 446 3162; x_wconf 85' lang='lat' dir='ltr'>tandem</span> <span class='ocrx_word' id='word_1_129' title='bbox 465 3096 592 3180; x_wconf 86' lang='lat' dir='ltr'>perfidus</span> <span class='ocrx_word' id='word_1_130' title='bbox 607 3097 768 3177; x_wconf 64' lang='lat' dir='ltr'>Hannibal:</span> 
     </span>
     <span class='ocr_line' id='line_1_28' title="bbox 133 3186 883 3274; baseline -0.004 -20"><span class='ocrx_word' id='word_1_131' title='bbox 133 3250 135 3254; x_wconf 87' lang='lat'>.</span> <span class='ocrx_word' id='word_1_132' title='bbox 173 3193 286 3268; x_wconf 83' lang='lat' dir='ltr'>Cervi,</span> <span class='ocrx_word' id='word_1_133' title='bbox 312 3196 448 3273; x_wconf 90' lang='lat' dir='ltr'>luporum</span> <span class='ocrx_word' id='word_1_134' title='bbox 468 3193 564 3274; x_wconf 78' lang='lat' dir='ltr'>ptaeda</span> <span class='ocrx_word' id='word_1_135' title='bbox 582 3191 751 3272; x_wconf 83' lang='lat' dir='ltr'>rapacium,</span> <span class='ocrx_word' id='word_1_136' title='bbox 879 3186 883 3195; x_wconf 73' lang='grc'><em>“</em></span> 
     </span>
     <span class='ocr_line' id='line_1_29' title="bbox 213 3276 710 3368; baseline -0.01 -19"><span class='ocrx_word' id='word_1_137' title='bbox 213 3276 361 3353; x_wconf 73' lang='lat' dir='ltr'>Seblamur</span> <span class='ocrx_word' id='word_1_138' title='bbox 378 3287 480 3357; x_wconf 88' lang='lat' dir='ltr'>ultro,</span> <span class='ocrx_word' id='word_1_139' title='bbox 499 3303 576 3368; x_wconf 92' lang='lat' dir='ltr'>quos</span> <span class='ocrx_word' id='word_1_140' title='bbox 595 3286 710 3364; x_wconf 91' lang='lat' dir='ltr'>opimus</span> 
     </span>
     <span class='ocr_line' id='line_1_30' title="bbox 131 3377 802 3461; baseline -0.001 -18"><span class='ocrx_word' id='word_1_141' title='bbox 131 3435 136 3444; x_wconf 93' lang='lat'>.</span> <span class='ocrx_word' id='word_1_142' title='bbox 255 3381 365 3443; x_wconf 87' lang='lat' dir='ltr'>Fallere</span> <span class='ocrx_word' id='word_1_143' title='bbox 382 3383 413 3443; x_wconf 77' lang='grc' dir='ltr'>δι</span> <span class='ocrx_word' id='word_1_144' title='bbox 428 3379 558 3461; x_wconf 81' lang='lat' dir='ltr'>effugere</span> <span class='ocrx_word' id='word_1_145' title='bbox 574 3377 615 3440; x_wconf 85' lang='lat' dir='ltr'>est</span> <span class='ocrx_word' id='word_1_146' title='bbox 629 3378 802 3460; x_wconf 78' lang='lat' dir='ltr'>triumphus.</span> 
     </span>
    </p>
   </div>
   <div class='ocr_carea' id='block_1_10' title="bbox 175 3520 727 3891">
    <p class='ocr_par' dir='ltr' id='par_1_14' title="bbox 175 3520 727 3790">
     <span class='ocr_line' id='line_1_31' title="bbox 175 3520 727 3604; baseline -0.002 -18"><span class='ocrx_word' id='word_1_147' title='bbox 175 3523 271 3598; x_wconf 84' lang='lat' dir='ltr'>Gens,</span> <span class='ocrx_word' id='word_1_148' title='bbox 288 3544 354 3604; x_wconf 83' lang='lat' dir='ltr'>quae</span> <span class='ocrx_word' id='word_1_149' title='bbox 371 3539 501 3586; x_wconf 87' lang='lat' dir='ltr'>cremato</span> <span class='ocrx_word' id='word_1_150' title='bbox 519 3520 603 3584; x_wconf 86' lang='lat' dir='ltr'>fortis</span> <span class='ocrx_word' id='word_1_151' title='bbox 619 3522 657 3584; x_wconf 86' lang='lat' dir='ltr'>ab</span> <span class='ocrx_word' id='word_1_152' title='bbox 674 3522 727 3585; x_wconf 92' lang='lat' dir='ltr'>llio</span> 
     </span>
     <span class='ocr_line' id='line_1_32' title="bbox 175 3613 703 3696; baseline -0.011 -16"><span class='ocrx_word' id='word_1_153' title='bbox 175 3617 284 3680; x_wconf 76' lang='lat' dir='ltr'>Jabiata</span> <span class='ocrx_word' id='word_1_154' title='bbox 303 3615 407 3680; x_wconf 84' lang='lat' dir='ltr'>Tuscis</span> <span class='ocrx_word' id='word_1_155' title='bbox 426 3615 592 3696; x_wconf 78' lang='lat' dir='ltr'>aequoribus</span> <span class='ocrx_word' id='word_1_156' title='bbox 608 3613 703 3689; x_wconf 88' lang='lat' dir='ltr'>sacra,</span> 
     </span>
     <span class='ocr_line' id='line_1_33' title="bbox 211 3708 682 3790; baseline -0.006 -19"><span class='ocrx_word' id='word_1_157' title='bbox 211 3708 366 3789; x_wconf 85' lang='lat' dir='ltr'>&#39;Natosque</span> <span class='ocrx_word' id='word_1_158' title='bbox 384 3708 569 3790; x_wconf 84' lang='lat' dir='ltr'>maturosque</span> <span class='ocrx_word' id='word_1_159' title='bbox 587 3725 682 3790; x_wconf 88' lang='lat' dir='ltr'>patres</span> 
     </span>
    </p>

    <p class='ocr_par' dir='ltr' id='par_1_15' title="bbox 256 3799 725 3891">
     <span class='ocr_line' id='line_1_34' title="bbox 256 3799 725 3891; baseline -0.009 -29"><span class='ocrx_word' id='word_1_160' title='bbox 256 3801 374 3864; x_wconf 89' lang='lat' dir='ltr'>Pertulit</span> <span class='ocrx_word' id='word_1_161' title='bbox 394 3802 539 3864; x_wconf 79' lang='lat' dir='ltr'>Ausonias</span> <span class='ocrx_word' id='word_1_162' title='bbox 556 3801 591 3891; x_wconf 67' lang='lat' dir='ltr'>ad</span> <span class='ocrx_word' id='word_1_163' title='bbox 609 3799 725 3876; x_wconf 74' lang='lat' dir='ltr'>urbes,</span> 
     </span>
    </p>
   </div>
   <div class='ocr_carea' id='block_1_11' title="bbox 0 0 1431 4640">
    <p class='ocr_par' dir='ltr' id='par_1_16' title="bbox 0 0 1431 4640">
     <span class='ocr_line' id='line_1_35' title="bbox 0 0 1431 4640; baseline 0 0"><span class='ocrx_word' id='word_1_164' title='bbox 0 0 1431 4640; x_wconf 95' lang='lat' dir='ltr'> </span> 
     </span>
    </p>
   </div>
  </div>
 </body>
</html>
