2750 4656
113 364 116 370 ’
223 407 511 490 1101111111.
542 409 609 487 oa
630 409 902 528 0110111110
926 411 994 484 rr.
1053 425 1101 484 rx

10 574 15 585 ·
146 561 160 602 ¹
183 545 375 648 dogmatis,
391 567 427 620 at
446 573 521 622 non
547 549 689 646 ineptus
710 573 853 623 morum
871 547 1101 640 scriptorum-

1 698 2 746 3
144 671 195 716 ve
218 647 360 736 censor,
385 647 570 728 Maecenati
590 664 699 740 atque
726 646 811 718 inde
830 647 989 744 Augusto
1009 643 1103 715 miro

1 772 2 831 j
142 745 334 838 probatus,
357 743 577 837 eodemque
589 745 786 816 Maecenas²
804 768 898 814 anno
911 744 952 814 U.
963 743 1001 814 C.
1018 740 1100 830 746,

144 839 189 910 C.
206 842 339 914 Marcio
356 841 548 913 Censorino
561 839 645 914 &G
658 841 776 914 Afinio
787 841 889 912 Gallo
904 839 990 912 Coll.
1003 863 1101 910 anno

143 939 330 1026 1011ῑὶ157,
354 957 436 1012 ante
458 938 633 1010 Christum
650 939 689 1026 8,
701 939 827 1035 viginti
841 956 925 1008 ante
945 955 1102 1008 mortem

143 1036 297 1132 Augusti
317 1035 408 1129 Imp.
432 1035 502 1116 Sed
525 1035 571 1106 de
588 1036 753 1108 universis
769 1052 884 1129 poetae
906 1035 1008 1106 rebus
1026 1058 1100 1105 car-

144 1133 367 1226 minumque
387 1133 664 1227 plerorumque,
678 1157 754 1226 quo
775 1135 899 1225 scripta
911 1131 992 1202 sunt
1011 1149 1100 1225 torn*

145 1254 259 1324 pore,
275 1231 527 1304 accuratiorem
542 1231 708 1303 notitiam
724 1226 834 1304 ledlor
850 1245 949 1323 petet
963 1252 1007 1300 ex
1023 1228 1101 1296 Ho-

145 1327 225 1400 rarii
250 1329 324 1400 vita
348 1328 617 1425 chronologica,
646 1353 756 1420 quarn
784 1331 821 1398 in
850 1331 967 1398 lucem
1002 1323 1102 1394 dedit

146 1425 368 1518 antiquitatis
395 1449 435 1497 ac
460 1424 509 1496 rei
537 1426 814 1522 chronologicae,
844 1442 884 1495 ut
909 1421 1102 1518 insignibus

146 1521 402 1615 speciminibus
418 1521 688 1609 demonstravit,
705 1517 808 1594 haud*
826 1521 1014 1617 vulgariter
1036 1541 1102 1612 pe-

146 1619 235 1689 ritus
245 1620 301 1708 Jo.
314 1621 495 1738 Maffgnus,
509 1619 675 1714 praernilla
693 1621 830 1700 Horatii
843 1619 973 1716 effigie,
989 1641 1102 1710 quam

149 1717 298 1790 exhibet
328 1734 479 1810 quoqne
503 1717 574 1806 Jac.
600 1717 802 1788 Gronovius
829 1718 872 1787 T.
900 1741 917 1806 3
950 1713 1103 1786 thesauri

147 1813 273 1906 Antiq.
299 1815 358 1884 Gr.
376 1815 553 1910 Literaessr.
573 1815 690 1886 Exstat
711 1839 861 1906 quoque
881 1814 1005 1908 effigies
1024 1812 1102 1880 Ho·
1200 1881 1202 1886 ,

1 1988 7 2003 ,
147 1912 225 1982 ratii
243 1912 281 1982 in
304 1911 439 2006 duplici
464 1934 578 1984 numo
598 1912 695 2005 apud
717 1911 939 2024 Sigeberturn
967 1909 1103 1978 Havet-

148 2031 320 2102 carnpurn
340 2007 411 2082 dill.
435 2009 481 2080 de
497 2011 616 2082 nuruis
634 2009 863 2082 contornratis
881 2033 916 2099 p.
935 2029 1011 2095 151.
1035 2005 1101 2075 Vi-

148 2121 224 2176 tam
243 2107 400 2193 Horatii,
419 2131 498 2198 quae
514 2109 687 2182 Suetonio
701 2103 836 2178 audiori
850 2106 1041 2189 tribuitur,
1057 2125 1103 2173 ex

150 2203 285 2278 Codice
298 2204 371 2276 MS.
385 2206 544 2302 vulgavit
560 2207 633 2278 Pet.
647 2205 800 2276 Nunnius
814 2229 898 2274 curn
914 2202 1103 2298 castigatio-
1243 2251 1248 2262 .

147 2302 257 2372 nibus
272 2301 340 2374 suia
356 2301 605 2380 Miscellaneor.
619 2304 671 2376 Ill
684 2355 695 2391 ,
710 2327 739 2374 c.
756 2325 786 2374 a.
808 2301 935 2395 (Tom.
954 2322 966 2368 1
996 2301 1104 2373 Lam-

147 2397 249 2492 padio
260 2400 404 2472 Artium
419 2399 634 2472 Gruterianae
646 2427 723 2499 pag.
739 2397 858 2497 1161.)
871 2399 951 2470 Vita
964 2397 1104 2468 Horatii

149 2495 243 2584 aJo.
256 2498 378 2594 Maffon
396 2512 408 2563 3
427 2497 551 2591 scripta
569 2499 702 2591 prodiit
714 2497 829 2594 Lugd.
845 2498 922 2584 liat.
945 2496 1053 2580 1708,
1069 2497 1102 2564 8.

149 2591 339 2664 Videndus
352 2596 457 2668 etiam
476 2595 522 2664 de
541 2595 691 2666 Horatio
709 2597 845 2683 Tanaq.
861 2593 973 2662 Faber
992 2591 1050 2660 lib.
1067 2613 1103 2674 a,

150 2689 257 2781 Epio.
280 2711 337 2779 47.
368 2691 470 2762 Idem
499 2689 677 2760 Mallonus
702 2692 738 2758 in
759 2690 846 2758 Hist.
860 2688 979 2757 critica
1000 2685 1101 2776 Reip.

150 2787 294 2860 Literar.
310 2813 420 2880 quarn
441 2789 575 2860 Gallice
590 2787 702 2857 edidit
718 2787 823 2856 Torn.
839 2785 893 2871 V,
911 2809 946 2876 p.
964 2807 1005 2872 51
1030 2783 1102 2873 leq.
1204 2816 1208 2823 ·

152 2883 315 2956 defendit
343 2889 497 2956 carmina
525 2884 562 2954 in
587 2884 682 2954 libris
714 2883 899 2965 Odarrnn,
926 2860 1105 2951 Satires&

149 2978 319 3073 Epistolas
338 2983 485 3078 singulas
503 2983 548 3052 ab
562 2981 732 3068 Horatio,
745 2973 854 3074 piout
877 2979 980 3050 ferret
1002 3001 1103 3049 occa-

149 3079 218 3163 fio,
233 3079 332 3150 fuisse
345 3079 482 3172 scriptas
501 3079 596 3150 vario
612 3095 773 3171 tempore
785 3077 988 3170 separatim,
1002 3075 1033 3146 tc
1046 3075 1102 3144 de·

148 3176 238 3246 inde
257 3178 302 3248 ab
322 3177 452 3248 eodem
477 3178 514 3246 in
536 3175 646 3248 libros
667 3173 839 3246 redadlas:
864 3199 986 3266 neque
1011 3173 1109 3242 adeo

199 3319 214 3362 t
235 3298 376 3362 udaiuns
394 3298 474 3360 nolui
494 3297 605 3374 dicere,
648 3293 779 3358 davitltis
788 3294 897 3356 verbis:
910 3295 1020 3358 Horatii
1029 3295 1105 3354 ic·

150 3379 284 3460 quia.lib.
297 3403 326 3458 1,
342 3381 394 3458 Ep.
412 3401 438 3454 1,
450 3379 479 3440 se
492 3377 552 3456 ipse
564 3379 606 3442 di
646 3379 688 3450 ci,
698 3397 729 3440 ut
744 3379 804 3450 mei,
821 3381 869 3459 esto
879 3400 978 3439 memor.

148 3463 191 3524 oit
211 3459 328 3526 Nullius
346 3462 495 3524 additium
511 3463 605 3538 jurare
689 3458 830 3538 ‚History
846 3457 882 3518 of
889 3455 939 3516 the
951 3455 1059 3519 works
1069 3453 1106 3516 of

147 3545 181 3604 in
200 3540 289 3604 verba
299 3542 438 3620 Magistri.
451 3543 558 3606 Confer
568 3541 606 3604 D.
646 3538 697 3600 the
710 3537 827 3600 learned
840 3557 865 3600 a.
887 3537 974 3614 1708,
993 3557 1022 3614 p.
1035 3535 1103 3598 280.

85 3653 87 3656 ’
148 3622 332 3702 Rappoltam
352 3627 383 3686 ln
397 3621 498 3688 Horat.
514 3642 545 3702 p.
560 3643 609 3702 27,
648 3619 721 3683 Bibl.
742 3619 848 3680 choisre
868 3618 905 3682 de
924 3619 967 3682 M.
982 3617 1009 3678 le
1021 3616 1112 3690 Clerc,

147 3707 189 3788 3⁶
204 3707 257 3768 &o
417 3764 419 3770 s
648 3701 736 3765 Torn.
750 3699 832 3774 XIV,
848 3719 912 3777 pag.
926 3721 993 3781 ²23·
1009 3699 1104 3760 Boek·

193 3781 518 3848 rlllaecenatdecedene
529 3783 608 3860 prior
646 3781 703 3844 saal
732 3799 787 3844 van
809 3781 922 3858 Europe
948 3799 1035 3859 ¹707·
1057 3777 1102 3852 ll,

146 3864 307 3938 Horatium
319 3863 445 3946 Augusto
460 3881 607 3931 commen·
646 3883 676 3944 p.
687 3861 756 3926 288.
