2720 4678
192 416 195 425 ,
289 352 360 428 282
442 351 492 459 Q.
529 341 813 426 Honnru
854 342 1083 424 runem

286 509 461 577 &nolim
475 511 631 592 nouum
646 531 728 595 vago
737 479 756 587 ,’
765 508 834 576 aare
849 511 917 592 jura
934 513 1060 591 mnu,
1195 493 1200 514 ⁸

286 603 408 688 Oppida
425 604 541 680 moliri,
562 608 640 688 leges
660 607 787 670 incidere
801 607 899 687 ligno:

286 695 336 761 Sic
355 697 456 762 honor
474 700 506 760 dr
524 719 632 762 nonen
653 699 758 763 divinis
773 699 892 762 vatibus
905 715 995 780 atque

167 803 169 810 '
287 795 476 857 Carminibus
491 795 583 856 vertit.
599 793 667 870 Post
685 795 741 857 bos
755 793 872 876 insignis
884 795 1054 874 Homerus,

286 885 489 968 Tyrtaeusque
506 903 601 948 mares
614 887 728 948 animos
745 887 774 946 in
796 887 902 948 Martia
919 888 994 950 bella

287 979 432 1042 Verlibus
448 981 584 1055 exacuit3
601 979 685 1042 diuae
703 999 756 1062 pet
769 981 897 1042 carmina
915 980 1024 1058 sorren

284 1069 327 1136 Et
348 1073 421 1134 vitae
442 1071 599 1134 monstrata
616 1071 742 1146 v'iaest3
758 1071 899 1154 &gratia
916 1092 1021 1154 regum

287 1161 388 1226 Pieriis
408 1180 517 1226 tentata
536 1163 650 1226 modis:
671 1161 815 1244 ludusque
833 1181 987 1245 repertus,

264 1299 268 1305 ·
287 1255 329 1319 Et
344 1253 503 1336 longorum
517 1274 640 1334 opetum
656 1252 740 1317 linis:
754 1273 797 1318 ,ne
812 1251 890 1316 forte
905 1254 1012 1338 pudori

287 1347 333 1409 sn
347 1349 396 1408 ou
412 1323 496 1410 niusa
509 1349 586 1427 tyro
599 1346 720 1418 solers,
738 1346 770 1408 ει
784 1363 887 1410 cantor
902 1348 1025 1429 npouo.

154 1447 158 1458 '
287 1441 404 1504 Natura
420 1441 504 1506 lieret
520 1441 663 1506 laudabile
685 1461 821 1514 carmen,
837 1461 877 1504 an
899 1461 985 1520 arte,

287 1533 458 1614 Quaesttum
475 1533 534 1596 eli:
554 1553 612 1614 ego
625 1551 680 1594 nec
695 1531 819 1596 studium
841 1531 901 1596 stne
920 1535 1012 1596 divite
1028 1553 1127 1608 vena,

220 1697 223 1701 ,
287 1625 354 1692 Nec
368 1628 439 1690 tude
451 1628 521 1710 quid
536 1625 622 1708 poffit
636 1626 723 1688 video
739 1625 906 1706 ingenium:
925 1619 1042 1690 alteriiu
1054 1627 1095 1692 fic

282 1719 394 1806 ,Altera
413 1722 505 1804 poscit
520 1741 609 1803 opem
624 1740 689 1794 res,
709 1720 741 1782 8ι
758 1719 895 1800 conjurat
914 1721 1015 1782 amice.
1085 1790 1088 1801 y

289 1811 358 1896 Qui
376 1811 468 1879 lludet
489 1832 622 1896 optatam
633 1811 723 1878 cursu
738 1815 911 1894 contingere
927 1831 1055 1892 metam,

290 1907 390 1970 Multa
406 1911 471 1974 tulit
489 1909 618 1994 fecitque
633 1932 727 1994 puer;
744 1911 905 1977 sudavit&
922 1911 1004 1987 allit3

290 2001 442 2066 Abstinuit
456 2006 576 2068 Venere
594 2008 627 2070 δι
645 2008 736 2068 vino:
753 2007 806 2088 qui
825 2003 933 2086 Pythia
950 2021 1049 2070 camut

290 2095 437 2168 Tibicen,
454 2098 550 2162 didicit
567 2101 662 2181 prius,
677 2096 873 2180 extimuitque
889 2095 1068 2180 magistrum.

291 2187 358 2252 Nec
375 2189 439 2251 satis
453 2191 495 2276 est
510 2191 625 2254 druse:
644 2199 704 2276 Ego
719 2193 786 2254 mim
800 2209 924 2274 poemata
938 2212 1030 2274 pango
1041 2216 1061 2252 :¹

245 2312 253 2330 κ
292 2282 415 2364 Occupet
426 2301 565 2346 extremum
575 2285 701 2370 scobiffl
721 2285 786 2346 mibi
800 2305 872 2368 turpe
886 2285 998 2369 relinqui
1013 2288 1070 2366 ιβ’,

291 2378 350 2450 Er,
369 2380 442 2457 quod
454 2401 509 2439 non
524 2380 625 2454 didici,
640 2379 710 2460 font
726 2382 821 2462 nescire
833 2381 927 2462 fateri.

290 2468 335 2532 Ut
346 2489 445 2550 praeco
460 2474 496 2534 ad
509 2493 622 2552 merces
638 2474 755 2537 turbatn
775 2475 829 2556 qui
845 2474 1098 2557 cogitemendas,

287 2562 492 2630 'Allentatores
510 2568 592 2647 jubet
612 2569 648 2630 ad
666 2569 783 2637 lucrum
805 2571 847 2632 ire
867 2586 955 2650 poeta

288 2655 389 2720 Dives
404 2661 498 2742 agris,
518 2662 599 2724 dives
617 2661 716 2742 postris
733 2663 763 2722 in
780 2660 897 2724 foenote
912 2662 1047 2724 nummis.

286 2754 322 2818 Si
343 2775 418 2818 veto
436 2756 496 2830 est,
513 2757 634 2818 undum
651 2759 704 2838 qui
721 2759 799 2821 redie
816 2775 926 2838 ponere
945 2753 1054 2840 pollit,'

289 2845 329 2909 Et
345 2847 488 2929 spondere
504 2849 563 2912 levi
581 2870 638 2932 pto
654 2869 802 2932 paupere,
816 2851 849 2911 dc
865 2851 978 2928 eripete
992 2848 1062 2910 attis

289 2941 404 3006 Litibus
423 2943 613 3026 implicitum,
628 2943 759 3006 mirabor
778 2942 799 3004 lt
820 2943 888 3007 sciet
905 2945 1000 3004 inter·

292 3035 422 3100 Noscere
435 3041 605 3104 mendacem
620 3059 787 3122 verumque
801 3040 903 3102 beatus
918 3040 1052 3102 amicum.

293 3131 343 3194 Tu
360 3132 410 3196 seu
425 3135 559 3207 donaris,
576 3133 712 3218 seuquid
735 3136 845 3196 donare
864 3133 949 3196 voles
965 3133 1033 3206 cui,

290 3222 397 3288 Nolito
415 3226 450 3288 ad
469 3228 569 3290 versus
584 3229 637 3290 tibi
651 3227 745 3292 laibos
764 3228 871 3290 ducere
890 3225 1009 3306 plenum

207 3317 213 3326 ’
293 3318 434 3384 Laetitiae:
450 3320 586 3383 clamabit
601 3324 697 3398 enim,
712 3323 845 3384 Pulchro!
866 3324 948 3384 bonel
963 3325 1045 3385 roilo!
1161 3327 1163 3338 ⁴

291 3409 426 3473 Pallescet
444 3409 528 3493 super
540 3413 603 3502 bls3
623 3415 710 3476 etiam
737 3409 848 3476 stillabit
862 3414 962 3474 amicis
1046 3448 1048 3451 ·

196 3515 199 3522 ’
293 3501 340 3566 Ex
360 3505 454 3566 oculis
472 3524 592 3581 rorem3
608 3504 707 3581 saliet,
722 3505 823 3568 tundet
838 3506 911 3587 pede
929 3522 1045 3568 tertam.

291 3597 337 3658 Ut
350 3597 401 3677 qui
418 3598 555 3662 conducti
575 3599 692 3681 plorant
708 3601 739 3660 in
755 3598 877 3676 funere,
892 3600 992 3662 dicunt

167 3764 175 3785 l
293 3687 331 3751 Et
346 3688 458 3754 faciunt
472 3709 565 3774 prope
578 3693 664 3775 plura
683 3691 849 3756 dolentibus
868 3709 906 3756 ex
922 3693 1023 3756 animo
1032 3714 1044 3768 ;
1061 3689 1101 3758 fic
