2822 4668
304 348 373 422 226
444 344 510 448 ορ.
552 343 836 416 nonar-rr
878 345 1116 422 runaut

300 509 437 582 Labitur,
452 509 482 572 u
501 510 616 573 labetur
634 512 664 572 in
679 511 769 572 outre
785 509 924 574 volubilis
939 532 1051 576 aevunr.

299 603 457 687 Quaeritur
472 621 648 688 argentum,
665 603 818 688 puerisque
832 607 916 668 beata
934 605 1065 670 creandis

301 705 407 778 Uxor,
426 703 470 764 &¹
479 701 598 764 incuitae
615 715 757 811 pacantur
776 698 1001 764 vomeresrlvae.
1223 724 1263 788 45

301 795 424 878 Qrods
420 795 524 858 atisesi
535 797 582 858 cui
594 797 734 877 contigit,
752 796 798 858 hic
809 795 1012 886 nihilampiius
1026 806 1164 878 optet‘·

299 883 513 960 Nondomus,
529 889 561 952 bc
582 887 706 964 fundus,
722 887 1135 952 noraerisacervustraurt
1249 952 1252 963 ,

298 983 359 1064 AEg
341 997 428 1042 ototo
445 981 552 1042 domini
572 981 689 1044 deduxit
704 998 830 1062 corpore
846 979 959 1052 febres.

253 1066 262 1102 ‘¹
286 1077 372 1157 ΛΝοιι
387 1078 488 1140 animo
500 1096 591 1138 curas
610 1077 717 1138 Valeat
733 1074 873 1157 possessor
886 1088 1025 1184 oportet,

300 1166 328 1230 Si
349 1171 542 1273 comportatis
557 1169 643 1230 rebu's
657 1169 732 1230 bene
749 1170 861 1248 cogitat
877 1169 934 1230 uti.

302 1260 366 1342 Qui
379 1262 459 1342 cupit
471 1275 522 1321 aut
533 1261 656 1331 metuit,
672 1259 758 1340 juvar
777 1260 859 1322 illum
872 1259 911 1323 fic
924 1260 1047 1333 domus,
1060 1237 1092 1322 bc
1109 1279 1174 1335 res,

80 1373 93 1390 “
205 1361 210 1372 '
302 1355 345 1418 Ut
362 1354 471 1434 iippurn
489 1352 574 1432 picta
593 1354 720 1429 tabutae,
740 1353 870 1418 fomenta
885 1356 1064 1437 podagrum,

179 1467 192 1508 κ
299 1448 459 1514 Auricusas
473 1449 592 1511 citharae
609 1448 731 1512 coliesia
749 1443 987 1513 sordedolentea.

301 1543 456 1605 Sincerunt
474 1539 514 1604 est
531 1541 582 1602 nin
603 1558 669 1616 vas3
688 1543 889 1626 quodcunque
906 1543 1051 1620 infundit,
1069 1525 1184 1612 ootscirss

301 1637 412 1720 Sperne
427 1634 609 1716 voluptates:
624 1649 712 1696 nocer
727 1649 804 1696 emta
821 1634 924 1697 dolore
940 1627 1084 1718 voluptas.
1223 1658 1258 1722 55
1389 1624 1390 1654 ¹

300 1731 421 1810 Semper
434 1747 542 1790 avarus
553 1745 638 1809 eget:
653 1745 767 1790 eertum
780 1745 855 1789 voro
870 1746 937 1811 pete
948 1725 1048 1792 finem.

299 1823 421 1887 Invidus
439 1823 554 1884 alterius
574 1819 723 1882 macrescit
742 1821 829 1882 rebus
843 1819 967 1926 opimis:

299 1913 412 1975 invidia
432 1913 518 1976 Siculi
533 1931 593 1980 non
606 1914 747 1977 invenere
764 1913 884 1994 tyranni

300 2009 401 2090 Maius
415 2024 602 2072 tormentum
621 2005 686 2088 Qui
700 2025 761 2068 non
776 2005 992 2070 moderabitur
985 2025 1051 2082 uae,

198 2159 204 2168 .
299 2103 443 2168 infectum
462 2102 546 2164 voiet
561 2100 636 2173 esse.
653 2101 742 2163 dolor
756 2103 837 2183 quod
852 2100 969 2164 suaserit
987 2100 1017 2164 δι
1034 2119 1133 2176 mens,
1221 2099 1261 2168 60
1351 2119 1392 2176 ·,

302 2193 385 2261 Dum
401 2212 502 2275 poenas
516 2192 588 2253 odio
605 2209 657 2272 per
674 2193 734 2252 vini
753 2190 865 2263 festinat
885 2191 989 2255 inulto.

302 2284 370 2360 ira,
385 2283 468 2348 sutor
484 2283 583 2346 brevis
601 2281 656 2346 esi.
649 2285 801 2346 animum
822 2303 906 2366 rege:
921 2305 972 2368 qur
964 2285 1039 2347 nrsr
1051 2299 1153 2368 paret
1256 2289 1259 2296 “

300 2379 445 2462 Imperat:
469 2377 549 2439 bunc
564 2373 679 2449 statiis,
699 2375 821 2438 hunctu
836 2376 992 2458 compesce
1008 2395 1119 2438 catena.
1244 2369 1273 2382 ”

302 2473 400 2558 Fingit
415 2493 526 2556 equum
541 2491 639 2534 tenera
654 2471 779 2534 docilem
794 2473 910 2534 cervice
926 2469 1058 2554 magister

302 2569 350 2633 Ire
366 2569 465 2643 viam,
484 2587 546 2649 qua
563 2564 705 2628 monstret
719 2583 818 2647 equas.
834 2567 1013 2639 venaticus,
1034 2583 1071 2626 er
1088 2581 1150 2647 quo
1210 2566 1259 2653 ,ὂς

301 2662 453 2744 Tempore
463 2662 611 2725 cervinam
626 2659 728 2742 pellem
744 2659 863 2722 latravit
875 2659 905 2720 irt
917 2657 1003 2730 aula,

174 2774 177 2785 ·
301 2745 407 2821 Militat
424 2757 454 2816 in
475 2753 551 2816 silvis
570 2751 692 2822 catulus.
715 2751 803 2814 Nunc
815 2750 918 2813 adhibe
933 2747 1012 2833 puro
1065 2767 1077 2792 -2

290 2839 421 2912 -i'esiore
440 2851 548 2921 rerba,
566 2865 654 2930 puer,
673 2866 752 2909 nuuc
770 2863 801 2908 te
819 2846 989 2911 melioribus
1005 2839 1092 2908 offer.

286 3025 288 3030 ,
303 2943 380 3026 Quo
395 2941 481 3006 semel
497 2942 537 3005 esi
552 2942 663 3004 imbuta
679 2957 798 3015 recens,
813 2938 938 3004 servabit
956 2940 1079 3002 odorent

301 3035 389 3100 Testa
401 3037 460 3100 diu.
473 3035 571 3118 ‘Quod
584 3033 605 3095 sr
618 3031 724 3107 cessas,
740 3049 792 3095 aut
810 3033 946 3096 strenuus
959 3031 1071 3105 aureis,
1138 3097 1143 3106 ,
1221 3047 1264 3112 70

228 3136 237 3169 '
303 3133 366 3198 Nec
380 3133 496 3196 tardum
512 3131 669 3216 opperior,
683 3133 738 3196 ne'c
754 3130 984 3233 praecedentibus
1005 3124 1090 3190 intio.
