2822 4668
192 293 198 322 x
315 355 383 448 194
432 355 502 460 ’ρ
552 350 837 438 nonnam
882 351 1116 437 nitunt
1179 292 1181 300 ¹

304 510 416 591 Accipe
431 509 512 591 quod
528 529 676 592 nunquam
694 492 796 572 reddas
816 489 903 583 mliii,
919 508 941 572 st
956 510 1007 572 tibi
1020 495 1135 587 dicam,

304 599 520 664 Trine'iitsattus
538 599 648 676 etis,st
665 601 826 679 acceperis3
841 619 879 662 an
895 603 984 684 magis
997 622 1119 680 excors,
1149 621 1152 629 '

303 694 425 776 Rejesia
442 692 553 774 ptaeda,
572 711 661 774 quant
678 691 801 776 praeseas
820 693 982 756 Mercurius
999 694 1078 760 sert?

303 788 403 852 Scribe
417 786 514 847 decern
526 805 543 844 a
554 783 665 846 Nerio:
683 804 743 845 non
759 784 801 846 est
817 783 901 848 satis:
918 787 989 850 adde
1009 787 1126 854 cicuta
1241 865 1244 870 Ι

304 877 415 944 Nodosr
434 876 547 940 tabulas
562 894 697 952 centum;
717 877 792 939 mille
811 878 882 940 adde
896 897 1032 945 catenas:
1075 905 1097 960 j
1182 901 1184 908 ·
1215 899 1256 962 70

304 969 431 1054 Effugiet
447 989 543 1044 tamen
559 969 622 1032 baec
642 969 793 1032 sceleratus
810 973 927 1036 vincula
942 975 1076 1040 Proteus

304 1068 382 1131 Cum
401 1067 494 1148 rapies
509 1061 615 1144 injus,
633 1064 713 1126 malis
731 1065 868 1126 ridentem
883 1067 1003 1144 alienis,

303 1165 366 1228 Fiet
377 1182 458 1245 aper,
474 1159 563 1222 niodo
576 1161 655 1231 avis,
665 1153 890 1250 modosaxum,
906 1164 951 1238 δι,
963 1183 1032 1228 curn
1044 1163 1140 1240 volet,
1157 1165 1251 1244 arbor.
1311 1178 1314 1187 '

301 1258 333 1330 Si
346 1256 419 1318 maie
432 1271 491 1317 tem
505 1271 618 1334 gerere,
631 1250 719 1312 insani
730 1251 786 1326 est3
802 1257 923 1328 contra,
936 1255 1036 1332 bene,
1046 1255 1121 1320 sani:
1156 1293 1159 1306 «

300 1345 430 1417 Putidius
443 1349 536 1412 multo
548 1349 697 1412 cerebrum
717 1348 774 1422 est,
791 1349 862 1410 mihi
878 1351 980 1428 crede,
994 1351 1110 1429 Perilli,
1211 1367 1251 1433 75

302 1445 466 1520 Didanris,
481 1443 560 1525 quod
575 1459 608 1503 tu
627 1461 776 1524 nunquam
791 1443 948 1508 rescribere
962 1445 1057 1529 polsts.

301 1543 428 1624 Audire,
447 1555 534 1620 atque
549 1555 647 1620 togam
662 1537 753 1619 jubeo
767 1558 967 1628 componere,
982 1541 1110 1626 quisquis

301 1637 472 1702 Ambitione
490 1633 580 1707 mala,
601 1651 651 1696 aut
669 1636 779 1718 argenti
792 1637 878 1718 pailet
894 1657 1011 1714 amore,

301 1729 444 1810 Quisquis
460 1725 597 1800 luxuria,
620 1725 730 1788 tristive
747 1727 966 1810 superstitione,

300 1820 363 1906 Aut
383 1820 439 1881 alio
458 1818 561 1880 mentis
577 1818 684 1880 morbo
703 1819 795 1894 calet;
813 1819 869 1882 huc
882 1821 1005 1904 propius
1019 1839 1082 1899 me,
1214 1821 1253 1905 8o

229 1937 261 1967 -·
300 1913 383 1977 Dum
397 1915 491 1975 doceo
501 1909 621 1973 insanire
634 1930 752 1986 omnes,
769 1931 826 1974 vos
838 1909 941 1974 ordine
960 1913 1043 1976 adite.
1162 1907 1165 1912 ’
1299 1923 1304 1979 l

300 2009 405 2074 Danda
418 2006 608 2072 est‘hellebori
620 2007 715 2069 multo
726 2023 792 2088 pars
805 2006 930 2068 maxima
943 2007 1059 2069 avaris:
1104 2058 1105 2067 ,

302 2105 408 2168 Nescio
425 2124 461 2166 an
472 2102 648 2180 Anticyram
662 2101 737 2163 ratio
754 2099 811 2162 illis
829 2095 947 2162 desliner
963 2113 1093 2162 omnem,

299 2197 429 2260 Heredes
446 2193 560 2260 Staberi
575 2192 715 2256 summam
733 2177 856 2254 incidire
869 2187 1019 2274 sepulcro:

299 2289 338 2351 Ni
356 2287 395 2351 stc
409 2285 555 2359 fecissent,
571 2283 763 2368 gladiatorum
784 2285 851 2348 dare
869 2300 986 2346 centum
1174 2295 1178 2304 '
1211 2283 1248 2366 85

175 2441 178 2446 .
300 2379 442 2445 Dumnaci
459 2379 572 2464 populo
589 2379 685 2461 paria,
701 2395 789 2460 atque
803 2378 944 2462 epulum,
962 2378 1082 2442 arbitrio
1097 2378 1183 2453 Arrl3

300 2476 452 2540 Frumenti
462 2493 602 2558 quanttun
615 2475 696 2536 metit
709 2471 818 2536 Africa.
827 2471 900 2534 'Siue
913 2491 971 2554 ego
989 2493 1097 2556 prave,

154 2576 158 2585 “
253 2620 256 2627 2
298 2571 357 2636 Seu
375 2571 468 2646 rede,
486 2570 543 2630 hoc
561 2568 665 2642 volui,
681 2587 718 2630 ne
732 2565 768 2628 sis
783 2582 905 2650 patruus
920 2567 998 2628 milti.
1014 2565 1113 2630 Credo

249 2665 253 2674 '
299 2668 368 2730 Hoc
379 2665 489 2729 Staberi
500 2664 667 2748 prudentem
679 2663 806 2724 animum
817 2659 927 2724 vidisse.
936 2657 974 2710 ⁴-
982 2661 1066 2745 Quid
1078 2682 1169 2746 ergo¹

299 2756 410 2829 Sensit,
428 2775 502 2842 cum¹
514 2755 653 2817 summam
668 2753 826 2834 patrimoni
841 2751 999 2834 insculpere
1014 2753 1084 2818 saxo
1210 2775 1251 2838 90

300 2851 430 2912 Heredes
443 2849 558 2912 voluit?
578 2847 690 2928 Quoad
705 2846 800 2920 vixit,
819 2845 940 2910 credidit
958 2848 1058 2930 ingens

298 2942 469 3027 Pauperiem
489 2944 611 3015 vitium,
628 2941 658 3004 bt
673 2941 753 3004 cavit
771 2941 842 3003 nihii
857 2941 1017 3019 aetius;·rtt
1034 2939 1056 3006 st

221 3058 230 3072 ·
298 3036 388 3100 Forte
401 3039 499 3098 minus
510 3035 643 3119 locuples
655 3055 717 3097 uno
732 3037 890 3118 quadrante
906 3035 1039 3119 perisset,

300 3129 366 3211 Ipse
381 3132 526 3193 videretur
543 3130 595 3194 sibi
612 3131 753 3213 nequior:
772 3131 872 3193 omnis
886 3131 963 3194 enim
982 3149 1047 3208 res,
1135 3186 1140 3192 ,

299 3223 421 3299 Virtus,
441 3222 535 3297 sama,
549 3224 655 3299 decus,
669 3225 768 3285 divina
781 3223 966 3307 humanaque
985 3223 1112 3307 pulchris
1208 3245 1248 3310 95

298 3317 418 3390 Divitiis
436 3336 555 3400 parent;
571 3337 643 3404 quas
657 3321 708 3402 qui
722 3321 915 3393 contraxerit,
933 3321 982 3384 ille

298 3407 404 3472 Clarus
415 3409 487 3484 erit,
501 3405 600 3482 fortis,
613 3407 715 3489 justus
728 3440 762 3456 --
773 3407 942 3492 Sapiensne?
960 3409 1070 3474 Etiam!
1084 3411 1116 3476 δι
1128 3427 1196 3487 rex,

298 3501 336 3565 Et
351 3503 489 3586 quidquid
507 3503 599 3566 volet.
618 3503 702 3575 Hoc,
722 3503 813 3564 veluti
832 3503 940 3566 virtute
956 3522 1110 3585 paratum,

298 3593 430 3674 speravit
442 3615 554 3678 magnae
569 3596 644 3659 laudi
658 3594 732 3660 sote.
753 3595 835 3677 Quid
853 3590 942 3659 simile
956 3593 999 3659 isti

299 3685 422 3750 Graecus
440 3690 620 3772 Aristippus,
637 3689 687 3771 qui
707 3687 808 3750 servos
825 3687 968 3772 projicere
984 3709 1090 3754 aurunt
1193 3709 1250 3754 roo

298 3781 333 3848 ln
348 3783 441 3848 media
457 3781 536 3864 jnffit
548 3783 662 3864 Libya,
675 3783 745 3865 quia
757 3782 867 3846 tardius
884 3783 958 3849 irent
