2720 4678
253 395 925 472 EPISTOLARUMLIB.·1‚
999 417 1066 490 23}
1103 435 1118 478 ,·

117 559 269 644 Quidquid
284 559 336 622 sub
353 519 430 622 terra
448 557 490 624 est
500 603 511 632 ,
523 559 553 620 itt
569 559 703 640 apricum-
717 557 844 650 proferet
861 575 952 634 eree,
1056 587 1060 600 ·

115 652 258 742 Defodier
270 653 582 736 condetquenitenria.
596 653 673 716 Cum
688 654 762 718 bene
775 670 879 716 norum
1014 739 1016 744 Α
1034 672 1070 738 25

14 773 16 780 ·
114 749 247 812 Porticus
264 751 420 831 Agrippae,
441 745 474 822 δι,
491 749 539 810 via
552 765 580 811 te
594 748 776 832 conspexerit
793 751 891 832 Appi,
983 809 993 822 ,

114 839 162 902 Ire
177 856 274 902 tamen
290 840 393 915 cellar,
412 841 510 902 Numa
525 857 587 922 (pro
605 841 723 902 devenir
742 839 774 902 δι
787 843 904 907 Ancus.

112 930 146 1010 Si
158 932 234 994 latus
252 949 302 994 aut
317 951 399 994 renes
418 931 523 994 morbo
542 947 693 1008 tentemur
705 950 815 1006 acut0,

113 1023 233 1106 Quaere
250 1023 349 1108 fugam
364 1023 471 1088 morbi.
489 1026 544 1087 Vis
562 1023 782 1110 reeievivere?
799 1027 864 1108 quis
883 1027 965 1094 uon?

115 1115 145 1178 Si
158 1119 252 1180 virtus
266 1118 323 1180 hoc
340 1136 399 1182 utra
414 1117 507 1198 potest
522 1118 609 1192 dere,
624 1116 708 1184 {ortis
723 1117 833 1200 omiffis
1038 1138 1075 1201 ,ο

114 1212 187 1274 Hoc
201 1231 255 1294 age
268 1214 382 1276 deliciis.
395 1213 542 1278 Virtutem
556 1213 649 1277 verba
662 1232 763 1294 putes,
779 1229 813 1278 ut

114 1303 232 1368 Lucum
246 1305 343 1388 ligna?
363 1325 456 1382 cave,
474 1325 511 1370 tte
527 1325 631 1388 portus
647 1326 774 1390 occupet
792 1308 879 1379 alter:

115 1397 165 1463 Ne
183 1397 371 1482 Cibyratica,
387 1419 424 1462 ne
441 1400 569 1482 Bithyna
588 1403 706 1488 negotia
726 1402 834 1484 perum

116 1493 203 1556 Mille
216 1495 323 1558 talenta
337 1495 545 1570 rotundeutur3
565 1495 685 1558 totidem
703 1495 791 1556 altera
807 1515 920 1578 porro,
936 1495 968 1560 δι

117 1589 221 1661 Tertia
237 1587 410 1664 succedam,
429 1591 460 1652 δι
476 1610 543 1672 quae
560 1591 762 1677 parsqug-drer
777 1610 927 1676 acervuuq.
1042 1609 1077 1676 35
1096 1617 1128 1652 η
1215 1616 1219 1634 =

115 1681 232 1748 Scilicet
248 1703 371 1746 uxorem
391 1701 460 1746 cum
473 1685 559 1756 dote,
584 1683 748 1766 fidemque,
768 1685 798 1746 δι
816 1685 945 1763 amicos,

14 1817 15 1826 ,
115 1775 154 1836 Et
173 1795 269 1858 genus
283 1778 314 1838 δι
328 1776 452 1839 formam
468 1779 565 1858 regina
579 1779 703 1865 pecunia
711 1780 806 1845 ⁷eleuat
816 1803 830 1855 3·

115 1870 165 1934 Ac
181 1869 258 1932 bene
275 1870 462 1934 nummatum
481 1874 598 1936 decorat
611 1871 754 1946 Suadela,
771 1874 941 1957 Venusque.

115 1964 276 2045 Mancipiis
293 1965 425 2048 locuples
441 1984 508 2050 eger
524 1969 588 2030 aeris
601 1966 810 2050 Cappadocum
826 1987 896 2032 rex:

116 2057 166 2120 Ne
181 2057 274 2122 fueris
287 2059 336 2120 hic
351 2075 395 2122 tu.
408 2059 590 2141 chlamydes
608 2061 765 2136 Lucullus,
783 2075 818 2123 ut
833 2061 935 2142 ajunt,
1042 2079 1082 2140 40

116 2147 147 2210 Si
164 2149 261 2232 pollet
275 2169 391 2216 centum
409 2151 502 2214 sceuae
522 2152 654 2235 praebere
670 2169 809 2234 rogatus,
976 2207 983 2218 ,
1155 2225 1162 2234 ,

115 2242 186 2322 Qui
203 2243 318 2326 polium
331 2245 395 2310 tori
411 2247 471 2309 ait:
485 2264 582 2310 tamen
594 2247 625 2309 δι
635 2267 764 2330 quaeram
774 2291 784 2323 ,
795 2250 825 2312 δι
836 2247 917 2330 quod
928 2245 1049 2310 habebo

117 2335 259 2398 Mittam:
277 2336 342 2416 poli
357 2339 445 2418 paulo
463 2338 576 2410 scribit,
590 2339 642 2406 irbi
660 2341 751 2403 millia
763 2344 896 2424 quinque

115 2428 185 2492 Effe
200 2429 281 2490 domi
292 2429 500 2515 cplamydum3
516 2451 645 2512 partem,
660 2436 710 2498 vel
725 2437 840 2498 tolleret
857 2453 970 2502 omnes:
1067 2462 1070 2470 v
1202 2435 1214 2460 ⁸

116 2522 215 2584 Exilis
226 2521 466 2596 domusest,ubi
478 2528 865 2606 nonormultasupersum,
1044 2545 1085 2615 45
1140 2561 1142 2568 >

113 2617 157 2680 Er
174 2615 331 2679 dominum
342 2613 467 2689 fallunt„
483 2619 513 2680 ἃ
532 2619 654 2698 prosunt
672 2619 792 2684 iuribus.
810 2621 890 2703 Ergo
941 2611 958 2635 ‘

65 2781 69 2790 Ι
116 2713 148 2776 Si
161 2731 211 2774 res
221 2709 281 2773 sola
295 2711 388 2792 potest
404 2711 498 2776 facere
516 2715 547 2776 δι
563 2713 833 2789 servatebeetum,
949 2714 963 2734 ’”

115 2807 193 2870 Hoc
207 2805 445 2888 primusreperas
457 2825 550 2888 opus,
565 2809 623 2872 lroc
639 2809 801 2890 postremus
813 2809 940 2874 omittas.
1065 2842 1070 2882 ς

118 2902 150 2962 Si
167 2899 356 2963 fortunatum
373 2897 497 2979 species,
513 2902 543 2966 uz
558 2904 656 2983 gratia·
669 2902 804 2986 praestat,
1169 2968 1176 2986 ,

117 2995 297 3056 Mercemur
310 2989 424 3053 servum
434 3039 445 3065 ‚
456 2995 507 3074 qui
527 2995 613 3058 dicier
628 2998 765 3070 nomina,
781 2997 892 3060 laevum
1048 3000 1094 3078 φ’

118 3089 192 3171 Qui
207 3087 317 3151 fodicet
332 3089 422 3161 latus,
442 3089 473 3152 δι
485 3109 572 3171 cogar
586 3104 664 3156 rems
678 3095 806 3171 pondera
818 3096 949 3156 deerram

117 3181 287 3264 porrigere.
307 3181 364 3244 Hic
383 3185 507 3246 multum
528 3185 559 3246 iu
574 3183 663 3246 Fabia
680 3187 778 3260 valet,
795 3187 842 3250 ille
858 3187 982 3252 Velina:
1093 3221 1101 3232 -

118 3277 183 3341 Cui
197 3276 271 3338 liber
284 3276 307 3338 is
320 3274 409 3338 fasces
424 3277 517 3348 dabit,
531 3279 695 3358 eripietque
710 3280 812 3343 curule

118 3371 183 3436 Cui
198 3368 285 3434 volet
302 3370 489 3450 importunus
506 3370 597 3432 ebur:
619 3369 741 3444 Frater,
752 3371 852 3446 Patet,
867 3369 957 3447 adde;

119 3465 166 3528 Ut
185 3463 297 3543 cuique
312 3460 353 3524 est
364 3479 450 3535 aetaa,
464 3461 502 3524 ira
514 3481 661 3543 quemque
677 3461 788 3528 facetus
805 3466 922 3550 adopta.
1049 3479 1083 3550 55

117 3557 172 3628 si,
186 3557 265 3618 bene
280 3553 334 3634 qui
344 3569 459 3626 coenat,
477 3553 551 3616 berre
568 3554 662 3628 civim
676 3555 774 3627 lucer,
793 3573 893 3620 eamus
954 3583 957 3594 ·

120 3649 205 3730 Quo
225 3639 409 3728 ducitgula:
431 3644 772 3726 piscemutfvenemutt
790 3665 823 3710 ut
842 3649 919 3713 olim

95 3765 97 3768 ’
119 3738 298 3822 Gargilius,
317 3739 369 3820 qui
388 3758 471 3800 marre
488 3739 601 3820 plagas,
622 3740 787 3810 venabulo.
806 3738 926 3816 servos,

121 3830 294 3896 Differtum
309 3829 430 3899 transire
448 3828 545 3896 forum
564 3829 767 3916 populumque
782 3832 924 3915 jubebar,

842 3935 905 4012 Pr
