2750 4648
145 391 146 398 ‘
256 396 651 477 tssnmouum
701 397 807 470 Lrn.
848 399 873 470 1.
996 381 1141 496 ¹171„

72 598 77 611 .
109 553 250 618 Sarmenti
268 558 384 654 domina
401 558 503 620 eslim:
529 559 580 621 Ab
593 561 640 624 his
659 561 821 641 majoribus
835 549 899 624 orti
1031 577 1065 644 55

108 647 155 706 Ad
171 667 298 730 pugnarn
322 669 436 713 venere.
457 651 540 714 Prior
559 647 744 726 Sarmentum
765 641 891 736 Equi'te

107 737 173 798 Elle
189 738 243 800 feri
262 739 380 806 smrilem
400 745 475 806 dico.
497 745 655 808 llidemus:
676 745 706 808 δι
728 745 787 828 ipse
828 781 832 790 ·

107 831 248 910 Meffius,
267 831 409 919 Accipies
427 857 517 922 caput
530 841 561 902 lic
577 857 698 903 movet:
720 839 770 916 Ο,
790 859 841 904 tua
857 861 952 904 cornu
1040 891 1042 896 ,

108 923 149 984 Ni
169 923 246 988 foret
259 927 375 992 exsecto
393 929 474 996 sron‘s
491 933 625 1016 (inquit)
641 933 860 1016 quidssbceres,
879 955 948 997 cum

107 1011 155 1078 Sic
167 1019 286 1081 mutilus
301 1023 456 1092 minitaris?
478 1027 519 1086 At
539 1017 587 1087 illi'
599 1023 678 1088 soeda
700 1027 820 1088 cicatrix
1030 1024 1076 1099 ⁶0.

106 1111 236 1174 Setosam
252 1113 320 1175 laevi
341 1115 468 1180 frontem
489 1135 662 1203 turpaverat
676 1121 756 1184 bns:

107 1205 296 1289 Campanum
320 1213 348 1270 in
365 1215 519 1289 morbum,
538 1214 688 1278 infaciem
705 1213 848 1297 permulta
865 1213 1011 1295 jocatum*
1028 1249 1031 1254 ·

106 1299 255 1391 Pastorem
275 1303 388 1392 saltaret
404 1308 446 1368 uri
468 1307 606 1391 Cyclopa
626 1309 768 1389 rogabat:
853 1323 856 1330 ’
1041 1285 1066 1304 '¹

105 1395 159 1460 Nil
178 1397 219 1460 illi
237 1399 337 1473 larva,
356 1418 407 1463 aut
426 1405 540 1484 tragicis
559 1421 636 1488 opus
650 1403 706 1466 esse
724 1404 882 1466 cothurnis.
997 1429 1005 1452 ·-
1060 1381 1069 1436 ἶ

104 1489 206 1554 Multa
220 1493 351 1586 Cicirrus
363 1499 405 1568 fad
423 1497 503 1570 haec,
522 1497 665 1560 Donasser
685 1498 784 1578 jamne
800 1508 932 1560 catenam
1011 1501 1067 1580 ”65

105 1585 156 1648 Er
175 1603 250 1649 voto
269 1591 404 1668 Laribus,
423 1594 595 1676 quaerebati
612 1591 703 1654 scriba
723 1595 806 1674 quod
827 1591 916 1666 esset,
990 1617 993 1626 ¹
1051 1594 1055 1604 ’
1097 1603 1101 1609 ’

1 1695 3 1700 ⁴
103 1682 181 1743 Nilo
200 1683 326 1746 deterius
345 1687 472 1748 dominae
490 1685 538 1766 jus
558 1683 623 1747 essu
648 1685 787 1768 Rogabat
820 1707 825 1716 ·

104 1773 269 1856 Denique,
294 1773 347 1840 cur
364 1799 493 1866 unquam
515 1779 645 1860 fugisset}
664 1781 711 1842 cui
731 1779 798 1840 saris
813 1797 871 1839 una

104 1868 206 1930 Farris
223 1868 295 1959 libra
311 1870 407 1950 foret,
427 1873 523 1955 gracili
542 1872 596 1941 stc,
617 1867 894 1954 tamque'pusrlloi·

103 1959 232 2024 Prorsus
251 1961 379 2044 jucunde
397 1985 511 2028 coenam
525 1965 720 2046 produximus
730 1965 831 2027 illam:
1031 1973 1073 2039 70

104 2057 274 2118 Tendimus
293 2059 358 2120 hinc
375 2060 452 2122 resia
473 2053 695 2133 Beneventum
713 2059 765 2122 ubi
772 2055 898 2122 sedulus
916 2051 1020 2138 hospes
1148 2037 1151 2052 ¹

103 2149 197 2212 Paene
216 2169 332 2213 macros
349 2152 417 2214 arsrt
432 2153 501 2236 dum
520 2153 622 2214 turdos
640 2151 735 2213 versat
754 2151 783 2211 in
801 2152 888 2232 igne:

102 2243 188 2308 Nam
207 2263 281 2328 vaga
297 2265 348 2328 per
367 2261 495 2310 veterem
512 2243 758 2328 dilapsonamma
771 2241 904 2306 culinam

46 2363 49 2378 ·
103 2341 270 2411 Vulcan0,
289 2339 432 2402 summum
451 2342 628 2423 properabat
643 2341 772 2402 lambere
793 2338 913 2400 reslum.

103 2435 268 2498 Convivas
289 2435 394 2496 avidos
411 2455 527 2498 coenam
549 2433 706 2516 servosque
724 2435 860 2493 timentes
950 2428 953 2437 ’
1032 2441 1070 2506 75

105 2533 193 2596 Tum
208 2549 330 2612 rapere,
350 2545 438 2610 atque
453 2545 557 2590 omnes
568 2525 748 2607 restinguere
762 2525 840 2586 velle
862 2523 984 2586 videres.
1027 2553 1029 2558 ·

104 2628 221 2710 Incipit
240 2645 278 2686 ex
297 2624 349 2686 illo
366 2641 481 2684 montes
498 2621 629 2703 Appulia
654 2639 742 2682 notos

103 2721 268 2788 Ostentare
286 2719 374 2794 milri,
395 2736 471 2799 quos
490 2730 582 2777 torret
602 2715 770 2786 Atabulus,
788 2713 819 2775 δι
839 2729 917 2794 quos

104 2817 274 2896 Nunquam
294 2812 477 2896 erepsemus,
496 2810 547 2870 nisr
565 2829 620 2871 nos
636 2809 732 2870 vicina
746 2807 861 2870 Trivici

103 2910 193 2970 Villa
210 2907 373 2990 recepisset,
389 2903 542 2967 lacrimoso
566 2923 627 2966 non
642 2903 702 2965 stne
720 2905 824 2976 sumo,
1037 2895 1076 2960 80

103 3003 199 3070 Udos
213 3020 280 3063 cum
295 2999 373 3061 foliis
388 3017 486 3058 ramos
504 3013 608 3059 urente
628 2997 755 3063 camino,¹

103 3085 170 3177 Hic
190 3111 248 3172 ego
266 3091 433 3152 mendacem
456 3083 742 3168 llultiffimus'usque
763 3083 890 3165 puellam

103 3190 162 3253 Ad
179 3185 303 3248 mediam
324 3183 439 3246 nosiern
457 3179 612 3264 exspesio:
628 3179 747 3242 somnus
764 3169 861 3240 tamen
881 3173 975 3238 ausert

102 3283 267 3344 Intentum
289 3280 418 3352 Veneri;
437 3283 503 3338 tum
521 3275 672 3338 immundo
687 3273 798 3334 somnia
815 3269 880 3332 visu
943 3293 948 3326 t

101 3375 297 3440 Noslurnam
319 3373 428 3435 veliem
446 3370 610 3444 maculant,
630 3385 824 3448 ventremque
843 3364 987 3446 supinum.
1032 3357 1071 3440 85

102 3469 269 3550 Quatuor,
284 3467 349 3528 hinc
372 3466 503 3547 rapimur
521 3461 674 3546 viginti&
692 3457 781 3529 millia
795 3452 907 3527 rhedis,

86 3549 248 3626 ‘Mansuri
266 3559 427 3642 oppidulo,
450 3555 533 3638 quod
551 3555 638 3622 versu
661 3555 754 3616 dicere
769 3569 834 3613 non
848 3547 908 3622 est,

101 3656 212 3739 Signis
234 3654 372 3738 perfacile
387 3651 449 3716 esi:
465 3651 550 3712 venir
565 3649 703 3728 vilissima
720 3665 819 3708 rerum

99 3751 172 3817 Hic
192 3766 287 3831 aqua5
307 3746 353 3808 sed
373 3746 455 3828 panis
474 3741 808 3826 longe-pulcherrimus,
827 3737 903 3800 ultra

98 3843 251 3934 §.allisus
267 3857 301 3906 ut
317 3839 407 3906 soleat
423 3839 552 3903 humeris
567 3845 685 3928 portate
701 3832 818 3908 viator'3
900 3831 902 3838 ’
1033 3847 1071 3911 90
1158 3891 1163 3900 ,

193 4063 209 4111 p
341 4049 343 4054 .
