2826 4640
290 368 358 442 ns
439 368 487 468 Q·
537 361 823 436 nonnrrt
871 357 1101 454 rnncct

284 530 426 593 Attamen
439 528 471 592 dt
487 525 596 608 julium
615 541 731 608 potetas
746 525 777 586 dr
794 521 917 586 scribere
935 520 1066 596 fortem

284 623 445 704 Scipiadam
462 639 496 684 ut
506 621 617 702 sapiens
627 620 768 684 Lucilius.
779 653 816 668 -
829 620 917 682 Haud
932 619 1004 680 mihi
1020 619 1131 691 deero,

162 706 164 716 ’
286 715 366 778 Cum
382 737 428 778 res
444 715 502 798 ipsa
516 714 599 778 fetet.
616 713 677 776 Nifi
690 715 797 776 dextro
813 728 964 794 tempore,
978 711 1078 779 Flacci

286 811 390 874 Verba
406 831 458 892 pet
474 826 615 876 attentam
631 828 693 872 non
709 807 794 870 ibunt
808 805 932 870 Caesaris
950 820 1072 882 aurem3

289 907 348 972 Cui
365 908 441 972 male
457 905 479 968 st
495 905 632 989 palpem,
645 903 809 968 recalcitrat
820 905 950 986 undique
962 919 1052 966 tutus
1064 935 1099 950 -
1213 921 1255 964 ao

175 1029 176 1036 ¹
289 1003 418 1084 Quanto
436 1001 546 1064 reulus
564 1002 643 1076 boc,
661 1019 749 1082 quam
767 991 838 1059 tristi
855 997 961 1062 laedete
980 995 1069 1060 versu
1183 1070 1186 1080 A

286 1079 481 1161 Pantolabum
497 1094 645 1168 scutram«,
663 1093 945 1174 Nomentanumque
962 1095 1124 1174 nepotemd

289 1187 369 1254 Cum
382 1189 433 1252 stbi
445 1188 677 1272 quisquetimet‚
691 1205 870 1274 quamquam
882 1187 923 1248 eti
933 1187 1075 1264 intabius,
1089 1187 1122 1252 δι
1132 1186 1251 1250 odit.-.

288 1282 375 1364 Quid
394 1280 517 1346 faciant?
534 1280 623 1343 Saltat
642 1279 803 1351 Milonius,
818 1295 853 1342 ut
867 1277 954 1341 semel
969 1281 1029 1343 idio

288 1374 416 1439 Acceffit
435 1375 538 1440 fetvor
556 1375 660 1454 capiti,
677 1372 874 1458 numerusque
892 1375 1026 1438 lucernis.
1212 1391 1249 1456 ις

289 1467 397 1532 Castor
413 1469 521 1550 gaudet
535 1468 636 1550 equis3
652 1487 717 1530 ovo
734 1473 895 1549 prognatus
914 1467 1037 1543 eodem,

287 1559 412 1639 Pugnis:
429 1577 506 1642 quot
524 1561 655 1644 capitum
670 1561 796 1632 vivunt,
813 1559 935 1622 totidem
950 1559 1111 1624 liudiotum

290 1653 399 1716 Millia:
415 1673 463 1716 me
480 1655 601 1736 pedibus
616 1654 738 1716 delectat
753 1654 887 1736 claudere
899 1655 1009 1728 verba,

291 1740 386 1807 lucili
402 1745 479 1818 ritu,
497 1744 629 1808 nolititm
644 1746 773 1809 meliotis
789 1765 926 1830 utroque.
1048 1823 1052 1834 1
1152 1793 1157 1800 -

289 1833 345 1896 Ille
362 1836 443 1897 velut
459 1834 524 1898 fidis
541 1855 648 1900 arcana
661 1835 808 1900 sodalibus
823 1837 894 1900 olim
1215 1857 1254 1921 po

277 1927 437 1990 ·Credebat
449 1929 550 2002 libtis3
572 1948 683 2012 nsque,
698 1930 721 1992 fi
740 1931 974 2014 malevgell'etas,
986 1947 1118 2014 unquam

292 2018 463 2082 Decurtens
476 2020 553 2094 alio;
568 2021 700 2104 nequefi
715 2020 805 2086 bene}
826 2043 889 2104 quo
907 2021 963 2098 fit,
978 2041 1012 2085 ut
1027 2026 1124 2086 omnis

292 2113 409 2197 Votiva
426 2130 522 2196 pateat
542 2114 635 2177 veluti
645 2114 915 2199 descriptatabella
1026 2181 1030 2188 ,
1204 2173 1205 2178 ,

290 2205 365 2268 Vita
379 2204 460 2268 senis.
472 2206 694 2287 Sequot'bunc,
710 2209 844 2272 Lucanus
859 2229 897 2272 an
917 2209 1073 2292 Appulus,
1088 2227 1208 2294 arcem:

291 2301 371 2366 Nam
387 2300 555 2366 Venusinus
570 2320 632 2364 atat
647 2300 736 2366 finem
754 2303 806 2366 sub
824 2319 985 2387 utrumque
1002 2305 1145 2380 colonus,
1213 2321 1250 2388 35

295 2393 402 2474 Millus
416 2397 451 2459 ad
465 2397 523 2462 hoc
540 2395 629 2480 pulsis
643 2396 752 2478 (vetus
768 2396 810 2460 est
827 2413 863 2485 ut
880 2395 978 2480 fama)
995 2398 1132 2474 Sabellis3

292 2491 422 2574 Quone
438 2512 490 2576 per
503 2503 632 2556 uacuum
647 2491 787 2556 Romano
799 2485 957 2554 incurreret
976 2490 1078 2555 hollis:
1094 2505 1097 2510 ’

292 2585 364 2650 Sive
380 2590 461 2670 quod
473 2587 593 2672 Appula
608 2605 698 2670 gens,
714 2585 766 2650 seu
782 2588 864 2667 quod
883 2587 1009 2656 Lucania
1024 2588 1134 2652 bellum

183 2701 189 2717 ·
293 2681 442 2748 Incutetet
461 2679 602 2746 violenta.
616 2683 670 2746 Sed
685 2681 733 2746 hic
748 2683 828 2746 stilus
841 2683 920 2744 baud
940 2700 1019 2766 peret
1030 2685 1115 2748 ultro

295 2777 479 2860 Quenquam
496 2779 692 2850 animantem
715 2777 746 2839 δι
766 2795 813 2838 me
831 2775 923 2838 veluti
939 2774 1082 2840 custodiet
1095 2776 1170 2842 enfis
1215 2795 1256 2854 ao

293 2871 412 2954 Vagina
432 2873 543 2938 tebius:
562 2891 650 2952 quem
669 2889 721 2932 cur
738 2869 912 2950 destringere
930 2890 1040 2948 coner,
1125 2920 1128 2931 t

239 3037 243 3058 ,
296 2963 396 3027 Tutus
410 2966 448 3027 ab
464 2963 572 3028 infestis
587 2959 771 3024 latronibus?
787 2959 819 3024 Ο
837 2976 920 3051 patet
935 2962 966 3024 dc
981 2981 1034 3025 rex

178 3137 180 3144 Ι
293 3058 445 3139 luppiter,
465 3076 497 3120 ut
516 3074 613 3140 pereat
631 3055 758 3140 positum
777 3055 908 3138 rubigine
923 3055 1032 3130 telum,

294 3149 360 3234 Nec
372 3149 523 3232 quisquam
537 3168 644 3214 noceat
658 3133 853 3240 cupidolmihi
868 3150 962 3231 pacis!
981 3167 1010 3212 at
1030 3149 1099 3228 ille,

296 3239 363 3320 Qui
386 3259 433 3302 nte
450 3245 630 3316 commorit,
643 3239 773 3322 (Melius
791 3259 852 3303 non
867 3245 1005 3328 tangere!
1022 3240 1143 3325 damn)
1213 3259 1252 3324 45

294 3332 407 3407 Flebit,
421 3333 455 3410 &
472 3333 590 3415 instgnis
604 3348 668 3396 rota
686 3333 852 3396 cantabitur
866 3333 948 3394 urbe.

154 3441 164 3459 ’
295 3424 423 3488 Cervius
438 3427 622 3510 itatusslegas
640 3427 788 3490 minitatur
800 3429 834 3492 δι
848 3445 972 3490 urnam:

297 3516 444 3594 Canidia,
455 3519 575 3593 Albuti,
593 3521 701 3604 quibus
713 3518 755 3582 eli
768 3521 899 3594 inimica,
915 3538 1082 3582 venenum:
1124 3513 1129 3534 '

293 3611 415 3676 Grande
433 3615 543 3680 malum
560 3615 690 3687 Tutius,
706 3614 731 3676 st
747 3615 816 3698 quid
831 3614 860 3678 le
874 3614 973 3696 judice
989 3632 1092 3679 certes.

275 3778 277 3782 ,
298 3705 362 3778 Ut,
377 3727 439 3788 quo
454 3707 575 3792 quilque
588 3710 684 3786 valet,
705 3706 852 3792 suspeblos
868 3725 988 3785 terreat,
1004 3725 1100 3791 utque
1222 3729 1258 3796 po
1396 3801 1397 3804 Ἴ

297 3797 425 3884 lmpetrt
444 3801 503 3866 hoc
517 3819 622 3866 natura
637 3816 762 3884 potens,
777 3799 817 3866 lic
837 3801 944 3887 collige
957 3819 1083 3868 mecum.
