2822 4668
846 75 858 128 1
907 79 910 88 t

293 383 387 454 ·„4
479 330 1113 469 pffnmnnrnmmcr

313 516 364 582 Nn
381 517 421 580 ait
437 515 494 582 effe
507 518 604 602 prius,
618 517 723 583 melios
739 518 780 582 nil
794 517 903 590 coelibe
915 519 997 586 viia:

215 688 218 697 Ι
313 609 344 674 Si
357 631 418 675 non
434 613 494 688 eli,
511 613 589 694 jurat
606 615 682 692 bene
696 613 764 678 solis
778 613 836 677 elle
852 615 969 678 maritis.
1085 676 1094 693 ,

313 705 393 790 Quo
406 710 633 774 rentam'vultus
645 726 808 772 mutantem
826 709 931 772 Protea
946 707 1049 773 nodo?

313 799 399 884 Quid
413 792 542 884 pauper?
562 803 639 868 ride:
653 790 752 866 'mutat
767 804 939 876 emacula,
957 802 1068 878 letior,

314 895 440 973 Balnea,
456 897 606 974 tonsores;
622 897 771 960 condudio
787 899 906 980 navigio
924 917 1011 978 eque

314 989 443 1053 Nausoat
459 1012 494 1054 ac
514 991 664 1073 locuples,
683 1001 771 1074 quein
792 993 870 1055 ducit
880 994 964 1073 priva
982 991 1113 1057 triremis.
1212 999 1218 1020 ¹

313 1085 345 1147 Si
360 1101 498 1148 curtatus
508 1085 645 1168 inaequali
662 1085 782 1148 tonsore
799 1085 922 1166 capillos

312 1174 459 1258 occurri,
471 1181 564 1269 rides:
579 1181 601 1244 si
617 1179 693 1246 sorte
705 1179 845 1244 subucula
861 1201 945 1264 perae

312 1276 398 1340 'stira
412 1273 505 1337 subesl
518 1276 644 1348 runicae,
661 1274 711 1336 vel
727 1273 748 1336 si
766 1289 837 1358 toga
853 1274 962 1338 diffidet
978 1277 1089 1355 impar,

279 1362 282 1367 “
313 1366 418 1430 Rides:
438 1369 531 1450 quid,
546 1387 610 1430 inea
630 1388 699 1430 curn
716 1385 826 1451 pugnat
843 1366 983 1431 sententia
999 1368 1118 1432 secum?

313 1460 411 1544 Quod
426 1463 524 1546 periit,
539 1461 665 1542 spernit,
684 1461 789 1542 repetit
804 1461 887 1542 quod
902 1480 997 1543 nuper
1011 1459 1130 1524 ornisrti

314 1557 447 1628 AElluat,
462 1556 498 1618 ds
512 1555 584 1618 vite
599 1555 782 1618 disconvenit
801 1553 903 1623 otdffie
920 1557 1004 1618 toro?

313 1653 433 1726 Diruit,
449 1651 588 1725 aedificat,
605 1666 698 1712 mutat
716 1649 857 1732 quadrata
869 1648 1022 1712 rotundis?
1215 1663 1273 1708 too

311 1745 441 1808 insanire
453 1763 540 1827 puras¹
555 1744 699 1816 solemnia,
710 1763 777 1819 me,
799 1761 896 1826 neque
915 1743 1008 1818 rides,

313 1809 389 1906 Nec)
395 1843 498 1906 medici
514 1843 626 1914 credis,
638 1861 692 1904 nec
710 1841 853 1904 curatoris
868 1861 955 1923 egere
1029 1857 1033 1866 ·

363 1954 489 2016 praerore
504 1937 583 2010 dari,
601 1956 698 1998 rerum
719 1937 812 1999 tutela
827 1955 959 1998 mearum

364 2051 391 2091 m
405 2029 459 2104 sis,
475 2031 506 2092 or
521 2049 611 2109 prave
624 2028 733 2092 seslunr
751 2029 936 2092 stomacheris
953 2029 993 2092 ob
1008 2047 1137 2113 unguem

313 2121 364 2184 De
380 2139 412 2184 te
427 2120 594 2204 pendentis,
613 2139 642 2184 re
660 2123 837 2205 respiciendo
854 2124 948 2186 amici.

286 2279 290 2288 ,
313 2218 362 2280 nt
380 2217 542 2294 summam,
557 2217 668 2298 sapiens
680 2237 743 2281 uno
756 2219 852 2281 minor
868 2217 909 2282 est
925 2219 1020 2290 Jove,
1038 2218 1138 2293 dives,

314 2309 419 2381 Liber,
435 2308 620 2382 honoratus,¹
635 2310 768 2390 pulcher,
786 2329 839 2372 rex
857 2307 983 2391 denique
1000 2327 1100 2389 regum
1110 2331 1121 2384 ς
1170 2361 1172 2364 .

313 2386 462 2484 i’raecipue
481 2400 585 2478 sanus,
605 2401 659 2463 nifi
674 2420 745 2465 cunr
762 2401 866 2485 pituita
881 2401 1001 2464 molesia
1017 2398 1067 2464 est.

262 2643 265 2650 '
356 2656 417 2760 '‚
533 2661 1051 2732 nrrsronnrr

578 2849 1012 2948 noronmon

373 3025 507 3092 Moralem
520 3024 719 3110 philosophiam
734 3026 897 3088 commodius
912 3026 1018 3090 trallart‘
1032 3030 1068 3090 ab
1085 3031 1216 3107 Homero,

651 3138 733 3198 quam
746 3117 926 3202 philosophis.

315 3243 491 3362 Tnotnttr
509 3287 577 3353 belli
589 3288 779 3373 scriptorem,
795 3292 920 3355 maxime
939 3293 1033 3369 Lolli,

263 3457 271 3479 Ι
316 3384 402 3446 Dutn
416 3399 447 3444 tu
459 3382 601 3446 declamas
615 3383 740 3455 Romae,
755 3383 896 3447 Praenesle
912 3387 1017 3482 relegi3

316 3476 403 3556 Qui,
417 3476 489 3558 quid
500 3474 534 3536 srr
542 3475 717 3557 pulchrum,
727 3477 796 3558 quid
810 3493 912 3559 turpe,
923 3481 992 3562 quid
1005 3480 1093 3556 utile,
1107 3481 1178 3568 quid
1189 3501 1271 3559 non,

315 3566 433 3637 Planius
444 3559 478 3631 ad
493 3570 596 3632 melius
608 3569 777 3651 Chrysippo
794 3571 823 3634 dt
842 3572 988 3636 Crantore
1003 3576 1080 3638 dicit.

315 3657 380 3721 Cur
392 3661 431 3722 ita
447 3662 633 3738 crediderint,
652 3661 705 3724 nisi
721 3664 834 3746 quidte
852 3667 980 3740 detinet,
997 3647 1071 3732 audi.
1140 3722 1142 3728 ,
1257 3685 1272 3751 5

185 3749 188 3760 '
315 3752 445 3832 Fabula,
465 3775 524 3839 qua
541 3757 646 3820 Paridis
659 3775 779 3844 propter
794 3776 928 3825 narratur
943 3781 1075 3827 amorem
