2822 4668
384 103 391 188 l

279 369 350 434 ἰω
430 358 487 466 Q.
526 313 806 439 nouanti
843 356 1076 465 uunccp
1121 349 1140 366 “

279 515 309 578 Si
327 513 507 596 vespertinus
526 517 620 582 subito
639 534 668 580 te
688 515 858 602 oppresserit
877 518 999 602 hospes,

280 605 327 668 Ne
340 607 442 689 gallina
460 609 567 674 malum
584 609 737 692 responset·
751 611 822 674 dura
844 610 964 695 palato,
1062 617 1080 670 '.

280 697 397 764 Dodlus
409 703 465 766 eris
482 705 583 765 vivam
602 705 695 766 mixto
707 703 831 768 mersare
848 703 992 778 Falerno:

279 791 349 859 Hoc
363 812 492 857 teneram
501 793 603 866 ,facien
629 795 810 863 Pratenstbus
826 798 936 879 optima
951 797 1048 882 fungis

181 927 182 930 =
231 888 395 972 .·Natura
412 891 470 957 esi:
484 891 547 964 aliis
564 892 639 963 male
657 895 791 962 creditur.
802 893 867 959 ‚ille
876 893 1005 958 salubres
1139 955 1142 962 ,
1222 927 1224 935 s

182 1009 185 1032 ι
249 1008 250 1014 “
279 984 403 1048 AEstates
421 1003 554 1068 peraget,
574 989 624 1068 qui
641 987 728 1070 nigris
746 987 864 1070 prandia
883 987 974 1070 motis

277 1074 388 1166 Finiet,
407 1093 477 1142 ante
495 1097 615 1162 gravem
633 1100 701 1162 quae
717 1080 816 1162 legerit
830 1080 936 1144 arbore
948 1079 1048 1144 solem.
1069 1131 1072 1141 .
1152 1123 1155 1129 -

46 1169 48 1177 ¹
142 1172 197 1186 ·'
277 1169 417 1234 Aufidius
433 1169 504 1235 sorti
521 1171 657 1241 miscebat
673 1173 757 1240 mella
771 1173 936 1247 Falentur

249 1345 254 1356 Ι
280 1264 441 1354 Mendose3
460 1268 599 1349 quoniam
618 1271 722 1332 vacuis
738 1270 920 1333 committere
937 1267 1025 1332 venio

278 1355 329 1423 Nil
348 1357 399 1420 nist
418 1359 483 1423 lene
504 1359 602 1424 decet:
621 1361 677 1434 leni
696 1361 855 1444 praecordia
867 1359 965 1426 mulso
1050 1411 1055 1428 ,.
1130 1417 1133 1425 r

278 1449 427 1516 Proluetis.
440 1454 550 1518 melius.
568 1455 597 1518 Si
610 1455 683 1518 dura
696 1457 859 1526 morabitur
873 1457 982 1532 aluus,
1011 1476 1014 1486 ⁴

276 1541 403 1626 Mytilus
419 1545 450 1608 dt
466 1545 540 1608 viles
559 1546 666 1627 pellent
688 1547 830 1612 obsiantia
849 1541 995 1622 sonulam,
1176 1591 1179 1602 ·
1214 1595 1217 1600 -

275 1627 314 1698 Et
331 1637 437 1718 lapathi
452 1639 548 1720 brevis
565 1640 675 1717 hetha,
695 1639 742 1705 sed
763 1643 831 1710 albo
850 1663 910 1708 non
929 1641 988 1704 sme
1007 1639 1085 1704 Coo.

274 1724 403 1793 Lubrica
419 1729 565 1793 nascentes
578 1731 698 1814 implent
718 1737 874 1817 conchylia
892 1737 979 1798 lunae.

276 1821 332 1883 Sed
346 1842 406 1885 non
420 1843 509 1886 omne
523 1845 603 1886 mate
620 1824 661 1888 est
678 1827 825 1910 generosae
839 1828 931 1890 fertile
944 1826 1032 1890 teflae.

275 1911 393 1978 Murice
408 1916 522 1996 Baiano
537 1917 640 1980 melior
655 1919 779 1983 Lucrina
792 1922 917 2005 peloris:

272 2007 379 2072 Ostrea
395 2009 537 2092 Circejis,
559 2010 674 2074 Miseno
699 2015 837 2075 oriuntur
858 2012 971 2088 echini3

273 2099 438 2178 Pediinibus
455 2102 558 2187 parulis
574 2097 666 2184 'jadlat
686 2104 822 2172 semolle
838 2107 1011 2176 Tarentum.

274 2196 342 2262 Nec
360 2199 411 2260 fibi
427 2203 576 2264 coenarum
593 2201 692 2284 quiris
710 2219 818 2268 temere
838 2218 958 2285 arroget
974 2209 1083 2276 anem,

274 2289 348 2354 Non
367 2295 446 2372 ptius
463 2295 564 2356 enada
577 2294 658 2356 tenui
675 2296 786 2358 rarione
803 2296 950 2378 saporum.
1058 2349 1060 2352 .
1114 2325 1115 2330 ¹

274 2384 341 2450 Nec
356 2385 424 2452 satis
438 2387 480 2451 est
499 2409 566 2452 cara
581 2387 671 2470 pisces
687 2407 822 2456 avertere
839 2387 956 2465 meust,
988 2437 992 2442 .

273 2480 415 2562 Ignarum
432 2483 539 2564 quibus
557 2481 600 2547 est
617 2480 665 2563 jus
680 2481 845 2562 aptius„&.
859 2480 970 2564 quibus
983 2477 1047 2542 aliis
1073 2549 1075 2554 ¹

272 2575 441 2658 Languidus
459 2577 490 2639 in
508 2579 640 2640 cubitum
657 2575 715 2656 jam
736 2576 765 2638 se
781 2577 910 2659 conviva
929 2589 1062 2660 reponet.
1154 2603 1167 2619 ι’

272 2667 404 2740 Umber,
423 2669 454 2731 dt
472 2669 561 2750 iligna
577 2669 704 2732 nutritus
723 2669 843 2750 glande,
863 2670 1002 2752 rotundas

271 2761 387 2826 Cutvet
402 2781 472 2844 aper
485 2763 582 2830 lauces
599 2781 715 2826 carnem
733 2762 852 2824 vitantis
872 2763 1013 2827 inertem:

272 2833 351 2916 Nam
364 2856 494 2931 Laurens
510 2856 603 2917 malus
620 2853 680 2931 est,
698 2855 777 2916 ulvis
794 2854 827 2917 δι
841 2855 982 2931 arundine
996 2854 1119 2940 pinguis.

259 2933 369 3026 {Vinea
386 2945 528 3015 submittit
546 2967 664 3029 capreas
681 2967 742 3010 non
760 2945 872 3030 semper
889 2949 998 3012 edules.
1064 2937 1069 2960 '

261 3031 430 3103 ‘Foecundae
444 3040 552 3124 leporis
565 3039 677 3126 sapiens
691 3040 844 3104 sedabitur
864 3043 971 3106 armos.

271 3132 397 3198 Piscibus
415 3150 504 3217 atque
520 3134 625 3196 avibus
637 3155 704 3216 quae
720 3152 826 3210 natura
841 3134 872 3196 dr
886 3133 961 3198 foret
975 3151 1068 3210 aetas,
1153 3197 1155 3202 ,
1189 3149 1226 3216 45

96 3201 101 3217 ¹
143 3272 149 3279 -
269 3227 352 3308 sinte
370 3246 468 3290 meum
484 3225 561 3290 nulli
578 3228 670 3309 patuit
688 3225 810 3310 quaefita
826 3227 968 3310 palatum.
998 3281 1001 3290 .

220 3383 226 3394 ,
270 3321 362 3396 Sunt,
372 3342 500 3406 quorum
514 3322 662 3404 ingenium
677 3341 758 3385 nova
769 3337 880 3384 tantum
892 3321 1017 3386 crustula
1027 3319 1144 3402 promit.

270 3413 469 3497 Nequaquam
482 3414 547 3478 satis
558 3417 589 3478 in
598 3435 631 3480 re
643 3433 704 3480 una
715 3410 886 3477 consumere
900 3433 1019 3480 curam:

270 3504 314 3567 Ut
331 3503 353 3566 st
368 3507 435 3588 quis
453 3503 547 3572 solum
562 3508 637 3589 hoc,
657 3505 772 3570 malane
790 3504 844 3568 fint
863 3506 952 3582 vina,
972 3506 1104 3579 laboret,

269 3597 363 3680 Quali
381 3599 534 3684 pessundat
552 3599 642 3684 pisces
660 3598 777 3664 securus
791 3599 885 3662 olivo.
930 3670 933 3681 ί
973 3659 977 3668 ,
1194 3613 1230 3680 ςο

268 3689 391 3757 Maffica
404 3690 427 3754 st
442 3695 520 3758 coelo
539 3694 694 3780 supponas.
704 3693 777 3758 ulna
792 3691 915 3766 sereno,
1001 3750 1006 3764 ,

268 3778 441 3866 Nodum,
459 3787 482 3852 si
498 3785 663 3880 quidsst‘taffi
679 3785 738 3862 est,
754 3789 923 3870 tenuabitur
939 3781 1031 3866 aura,
