2822 4668
306 383 378 494 ιρι
457 373 503 484 92
554 335 855 452 ιιοιιιιτιι
881 378 1120 460 attunt

305 537 337 602 0
351 539 516 612 Laertiade,
534 539 670 621 quidquid
689 539 802 616 dicant,
825 556 876 603 aut
893 543 967 616 etit,
984 559 1133 608 autnon:

301 633 449 698 Divinare
467 633 570 696 etenim
588 635 807 715 nagnunmihi
822 635 911 698 donet
932 637 1099 722 Apollo.-
1220 644 1264 707 60
1290 635 1292 638 ’

305 729 392 810 Quid
409 745 506 788 tamen
521 725 572 786 isla
593 726 663 786 velit
681 727 732 786 stbi
746 725 902 802 sabulupst
923 730 1012 805 licet,
1032 733 1138 794 eda...

303 823 454 902 Tempore
473 835 534 902 quo
552 816 672 898 juvenis
690 817 800 880 Parthis
819 819 995 898 horrendem,
1015 825 1052 886 ab
1068 825 1129 906 alto

303 915 466 982 Dentillunt
484 931 575 996 genus
590 913 705 984 AEnea,
725 913 830 975 tellure
854 918 987 998 ntarique

302 1014 431 1094 Magnus
447 1011 517 1079 erit,
539 1006 609 1069 sorti
629 1008 721 1076 nubet
743 1027 863 1088 procera
887 1011 1022 1091 Corano?
1153 1005 1156 1010 ’

301 1109 377 1172 Filia
394 1105 523 1176 Nalicae,
542 1105 695 1174 metuentis
710 1105 827 1168 reddere
846 1105 968 1169 soldtnn.
1220 1099 1258 1199 ⁶l

300 1207 382 1269 'l'unt
403 1223 490 1288 genet
510 1203 568 1266 hoc
588 1202 693 1280 faciet3
711 1203 822 1265 tabulas
843 1203 945 1284 socero
962 1207 1039 1269 dabit
1045 1225 1159 1293 ‚atque
1199 1231 1214 1244 ·

249 1357 255 1364 .
301 1301 345 1364 Ut
362 1300 440 1380 legat
457 1297 568 1358 orabit:
590 1295 716 1358 tnulrunt
738 1296 841 1359 Nasica
858 1315 978 1380 negatas
1132 1378 1134 1390 Ι

301 1392 435 1472 Accipiet
450 1381 583 1461 tandem,
600 1391 630 1452 di
655 1392 759 1453 tacitus
777 1390 871 1472 leger3
896 1393 1083 1498 invenietque
1203 1403 1205 1410 '

230 1477 233 1482 ’
300 1485 351 1548 Nil
365 1485 414 1546 stbt
426 1484 473 1565 le
455 1499 573 1554 ſtratum
593 1485 697 1566 prae‘ter
719 1483 853 1565 plorare,
873 1482 996 1568 suisque.

299 1572 374 1641 Illud
395 1578 430 1638 ad
449 1571 513 1637 ltaec
530 1575 637 1656 jubeo:
659 1576 761 1636 mulier
779 1575 800 1636 st
820 1573 897 1639 sorte
911 1577 1009 1640 dolosa

300 1667 469 1733 Libertusve
487 1666 582 1730 senent
600 1665 722 1728 delirum
743 1679 902 1749 temperet,
924 1669 976 1734 illis
1055 1704 1057 1713 ·

299 1763 430 1827 Accedes
450 1759 565 1822 soclus:
587 1758 705 1832 laudes,
725 1757 896 1824 laudentur
914 1762 1034 1825 absens:
1150 1832 1152 1836 ,
1247 1792 1252 1802 ·

166 1913 169 1922 .
298 1854 512 1938 Adjuvat'boc
529 1872 668 1936 quoque3
689 1853 735 1915 sed
753 1854 847 1942 vincit
862 1853 951 1938 longe
967 1858 1046 1938 prius
1070 1857 1175 1940 ipsunt,

231 1977 232 1980 ¹
299 1951 474 2034 Expugnare
491 1965 591 2035 caput:
613 1947 716 2009 scribet
734 1949 809 2008 mala
828 1953 955 2011 carmina
971 1952 1095 2014 vecors?

299 2046 445 2108 Laudato:
464 2043 607 2106 scortator
622 2045 696 2104 erit?
715 2061 789 2104 cave
808 2051 839 2104 te
857 2061 958 2126 roget:
974 2047 1054 2109 ultro
1213 2067 1252 2132 75

298 2139 463 2222 Penelopen
479 2135 567 2198 facilis
581 2137 691 2216 potiori
708 2136 799 2196 trade.
813 2171 847 2184 -
867 2135 1004 2212 Putasne,

295 2227 417 2296 Perduci
435 2233 544 2313 poterit
560 2247 621 2292 tant
634 2231 714 2312 ‘frugi
732 2246 849 2312 tamque
867 2233 991 2312 pudica,

199 2367 202 2392 t
297 2327 400 2410 Quam
415 2327 551 2410 nequiere
572 2325 653 2406 proci
672 2323 753 2386 tedio
768 2325 910 2406 depellere
931 2328 1083 2392 cursu?-

296 2421 389 2482 Venit
407 2422 483 2482 enim
504 2437 641 2501 magnum
663 2417 789 2480 donandi
811 2432 897 2502 parca
913 2419 1071 2501 juventus,

267 2535 269 2540 ’
297 2517 362 2580 Nec
376 2533 489 2578 tantum
510 2515 633 2575 Veneris
642 2530 808 2598 ,quantum
829 2505 958 2576 studiosa
969 2517 1121 2578 culinae
1214 2515 1253 2581 80

169 2627 171 2633 ⁸
294 2611 343 2672 Sic
359 2611 408 2673 tibi
427 2609 571 2690 Penelope
595 2608 662 2670 stu
645 2607 749 2690 iell:
772 2607 878 2688 quaest
900 2597 1063 2674 senteluno

294 2701 345 2766 De
360 2701 426 2766 sene
441 2702 576 2783 gustarit,
591 2717 689 2762 tecunt
709 2701 814 2780 patrita
832 2701 990 2776 lucellum,

295 2795 338 2858 Ut
351 2790 449 2866 canis,
474 2794 594 2856 acurio
614 2808 762 2872 nunquam
788 2751 993 2858 absterrebirul·
1012 2795 1112 2861 undo.

294 2887 347 2948 Me
368 2885 449 2958 sene,
469 2887 549 2966 quod
563 2886 673 2954 dicam,
693 2884 803 2946 ladlurn
821 2885 881 2950 esi:
901 2902 975 2950 anus
992 2890 1126 2976 inprobe
1143 2891 1251 2958 Thebis

292 2979 338 3042 Ex
353 2977 524 3041 testamento
539 2978 577 3039 sic
593 2977 634 3038 est
650 2977 745 3040 elota:
766 2979 891 3042 cadaver
1211 2985 1250 3070 85

292 3073 424 3135 Undlunt
443 3072 512 3135 oleo
531 3073 612 3153 largo
631 3071 713 3134 nudis
731 3072 860 3136 ltumetls
880 3075 947 3137 tulit
967 3076 1068 3140 heres:

291 3165 406 3230 Scilicet
422 3163 498 3226 elabi
516 3163 538 3226 st
560 3164 650 3247 pollet
672 3183 808 3230 mortuae
828 3170 936 3241 credo,

291 3257 389 3340 Quod
411 3257 535 3321 nimium
550 3259 687 3322 institerat
705 3262 827 3324 viventi.
849 3263 961 3327 Cautus
979 3265 1075 3329 aditor

291 3351 359 3414 Neu
382 3349 453 3414 defit
472 3371 587 3434 operae,
607 3375 682 3418 neve
697 3357 902 3425 immoderatus
919 3359 1056 3424 abundes.

291 3443 448 3509 Difficilem
464 3447 493 3510 dr
509 3449 657 3512 ntorosunt
677 3451 807 3514 offendet
826 3454 974 3536 garrulus:
993 3456 1069 3520 ultra
1208 3479 1249 3544 90

192 3587 195 3594 .
290 3537 363 3600 Non
377 3543 464 3604 etiarn
485 3543 574 3607 stleas.
595 3545 701 3608 Davus
718 3546 754 3609 sts
767 3551 896 3612 comicus
905 3565 1021 3633 ,atque

289 3629 354 3694 Stet
371 3635 466 3716 capite
485 3635 618 3718 obstipo,
642 3631 766 3700 multum
781 3638 877 3702 stmilis
897 3643 1046 3704 metuenti.
1161 3648 1167 3660 ’

290 3725 441 3812 Obsequio
458 3729 597 3812 grassare:
614 3751 721 3808 mone,
737 3731 758 3794 st
777 3734 920 3797 increbuit
939 3753 1026 3808 aura,

290 3816 405 3921 Cautus
421 3821 463 3884 uti
482 3821 560 3888 velet
572 3835 673 3886 carum
690 3841 797 3910 caput:
818 3827 938 3891 extrahe
956 3829 1062 3902 turba,
