2820 4654
321 396 398 454 zv·
497 381 539 498 ρ.
572 379 846 455 Honnrrr
877 333 1102 457 Fertor

420 516 469 588 Ni
491 535 522 588 te
542 519 711 611 visceribus
733 523 829 604 noeisg
847 520 986 596 Horati.

419 625 500 698 Plus
519 631 584 698 iam
608 629 725 721 diligm
745 649 779 700 tn
801 649 890 700 tuum
898 631 1045 722 fhdalem

418 737 543 808 Ninnio
562 739 904 834 videosstrigoflorern.

321 843 393 918 Sed
412 851 529 918 multo
555 851 663 946 magis
687 853 851 954 entremis
866 851 1027 948 judiciis,
1046 852 1107 924 tali
1127 851 1173 924 ad
1196 851 1270 926 Au·
1321 885 1323 890 ¹

319 958 461 1056 gustum
486 959 619 1055 elogio:

351 1145 355 1152 ,
415 1059 553 1140 Horatii
573 1063 700 1144 Flacci,
722 1063 760 1140 irt
777 1074 858 1145 mei,
880 1072 941 1166 esto
962 1095 1088 1144 memor.

318 1175 493 1276 Augustus
513 1177 735 1270 epistolarum
757 1203 908 1271 quoque
928 1180 960 1250 ei
984 1181 1140 1249 officium
1160 1173 1269 1251 obtit-

268 1311 269 1320 ¹
315 1287 378 1374 lit,
398 1302 440 1355 ut
457 1285 526 1356 hoc
543 1283 588 1354 ad
606 1284 839 1356 Maece'natem
856 1286 983 1380 scripto
1000 1285 1185 1383 fignificat:
1201 1290 1268 1356 An·

317 1418 349 1470 te
379 1398 442 1496 ipse
461 1395 662 1490 sufficiebam
682 1397 864 1490 scribendis
901 1398 1036 1494 epssolis
1072 1400 1265 1468 amicornm-r

315 1533 401 1580 nnnc
423 1509 675 1605 occupotffntns
695 1509 909 1604 dtinfirntus,
926 1507 1105 1584 Horatium
1126 1510 1265 1602 nrssrnm

315 1637 347 1690 te
369 1621 458 1714 cupio
485 1618 649 1688 adducere.
674 1622 791 1688 Veniet
813 1622 916 1711 igitur
942 1621 981 1688 ob
1004 1615 1062 1712 ssa
1085 1621 1264 1716 pnrosttioo

312 1725 421 1820 mensa
440 1725 484 1794 od
498 1724 581 1794 donc
600 1727 744 1818 regiam,
764 1728 795 1794 o
812 1750 868 1796 nos
890 1727 922 1794 in
941 1727 1074 1822 epistolis
1083 1727 1264 1818 scribendis

312 1835 489 1935 aoijnvnbit.
504 1831 558 1903 Ac
571 1832 805 1934 nerecusanti
822 1833 973 1925 quidem
992 1850 1053 1904 aut
1069 1823 1264 1906 succensuit

196 2011 200 2020 ,
270 2027 274 2039 ,
313 1943 536 2037 quidquam,
559 1959 621 2013 aut
639 1943 829 2014 amicitiam
853 1944 951 2014 suam
976 1944 1133 2041 ingerere
1155 1946 1262 2017 deiris

311 2057 455 2128 Exstant
481 2054 655 2149 epistola,
679 2053 878 2147 equibus,
902 2055 1101 2152 argumenti
1130 2059 1261 2154 gratia,

310 2193 423 2264 pauca
449 2167 600 2263 subjeci:
627 2167 723 2236 Sume
748 2169 807 2236 tibi
829 2169 954 2264 aliquid
969 2172 1059 2266 juris
1085 2171 1173 2268 opud
1193 2197 1259 2247 me,

311 2281 508 2376 tunquamfi
529 2281 685 2350 corruitior
699 2279 780 2348 tnidi
788 2278 917 2375 fueris:
936 2283 1018 2350 rciie
1035 2281 1136 2354 enim,
1152 2283 1183 2349 d·
1198 2306 1260 2351 non

311 2409 426 2459 temere
436 2387 582 2487 feceris:
597 2389 799 2486 qnoniomjd
816 2387 890 2479 usus
908 2387 987 2456 milti
1007 2405 1109 2457 tecum
1129 2389 1185 2484 effic
1205 2416 1262 2461 oo-

308 2499 422 2593 lui,fi
436 2523 496 2595 per
510 2497 726 2568 valetudinem
740 2491 834 2568 ,tunm
845 2499 929 2592 fieri
941 2498 1043 2594 prtffit.
1066 2495 1111 2566 Et
1127 2497 1258 2568 rursus:

309 2611 379 2682 Tui
392 2609 518 2706 qualern
538 2608 670 2678 debeam
688 2610 890 2684 memorium.
903 2607 1025 2704 poteris
1046 2631 1086 2678 ex
1107 2607 1259 2706 Septimio

306 2743 429 2818 quoqne
443 2719 543 2814 russro
560 2719 690 2796 andire:
707 2743 784 2788 nont
805 2718 938 2790 incidit,
957 2735 995 2786 ut
1013 2719 1069 2786 illo
1082 2725 1260 2816 corumfie-

306 2848 359 2902 rer
384 2855 404 2898 a
427 2831 547 2898 metui
572 2830 700 2897 mentio.
735 2826 848 2922 Neque
873 2828 977 2900 enim,
986 2827 1027 2918 fi
1052 2843 1088 2895 tu
1098 2827 1259 2924 superins

216 3008 222 3052 t
307 2941 486 3011 amicitiam
510 2941 649 3034 nrssrom
661 2941 812 3038 sprevisti
818 2991 830 3013 ,
856 2939 923 3006 idco
946 2963 1002 3006 nos
1024 2963 1142 3034 quoque
1165 2935 1257 3012 ido

306 3042 548 3154 nonpossint
572 3053 755 3122 Praeterea
775 3049 864 3142 saepe
884 3071 970 3118 eum
990 3047 1081 3118 inter
1100 3051 1184 3122 alios
1197 3055 1258 3151 jo·

230 3178 233 3187 ⁴
301 3163 366 3240 ¹e‘os
378 3165 576 3262 purissimum
591 3183 721 3259 penem,
736 3155 769 3226 8c'
786 3156 1019 3226 homuncionem
1040 3157 1258 3256 lepidilfimum

236 3307 239 3314 ·
278 3347 286 3375 l
305 3273 517 3367 appellavit,
538 3293 684 3363 unaque
702 3266 853 3336 &altera
870 3265 1080 3338 liberalitate·
1093 3271 1256 3366 locuple·

304 3384 401 3455 tavit.
417 3379 554 3474 Scripta
570 3377 720 3471 quidem
739 3378 813 3472 ejus
828 3376 942 3468 usque
960 3377 1050 3450 adeo
1068 3384 1254 3474 probavit,

303 3491 538 3584 mansuraque
557 3503 733 3582 perpetuo
753 3487 918 3580 opinatus
938 3486 1005 3576 est,
1021 3506 1063 3560 ut
1082 3515 1160 3562 non
1172 3519 1254 3594 mo·

304 3597 355 3670 do
373 3597 533 3669 Seculare
553 3617 694 3666 carmen
716 3596 1012 3689 componendum
1036 3599 1252 3696 injunxerit,

302 3703 365 3778 sed
390 3702 670 3774 &Vindelicum
699 3697 880 3774 vidioriam
906 3703 1045 3776 Tiberii
1075 3705 1252 3800 Drusique

303 3812 549 3912 privignorum
568 3810 732 3918 suorum3
755 3837 913 3910 eumque
933 3815 1088 3914 coegerit
1106 3834 1253 3912 propter
