2822 4668
229 345 235 362 ’
293 399 378 460 200
381 381 510 557 Q
559 373 864 509 Hottnutt
887 376 1135 452 runem

306 636 631 712 Absolveshominem,
646 637 676 699 dt
697 635 810 698 sceleris
826 631 973 698 damnabis
979 552 1156 720 eundem,

306 729 351 792 Etr
371 724 1116 810 0010100000000000000000101010110011’
1171 731 1174 756 ²
1199 727 1260 792 280

295 815 470 914 biberimus
486 842 566 898 erat,
586 825 645 906 qui
654 823 762 886 citcum
777 823 905 904 compita
925 821 1047 886 secus
1110 824 1113 834 '
1203 825 1206 834 “

221 913 224 928 ’
267 901 273 940 i
306 917 406 981 Lautlb
424 908 510 981 mane
527 917 612 980 senex
627 907 760 980 manibus
779 915 927 980 c'urrebai:
938 915 1001 992 dt,
1017 917 1137 989 unum,

308 1009 478 1094 (Quiddam
497 1030 634 1094 magnum
632 1009 777 1089 addens)
795 1031 886 1072 unum
905 1029 953 1071 me
972 963 1079 1091 surpite
1099 1010 1246 1085 morti,

307 1103 365 1170 Dis
377 1105 483 1168 etenim
505 1103 590 1166 facile
605 1103 663 1177 eii,
683 1098 804 1180 orabam
823 1100 908 1164 saltus
925 1101 1053 1184 utrisque
1109 1122 1113 1133 ·

308 1197 438 1262 Auribus
449 1215 537 1280 atque
547 1198 658 1271 oculis3
670 1215 812 1270 mentem,
827 1195 878 1257 nist
891 1191 1059 1279 litigiosus,
1116 1216 1121 1230 ⁸
1203 1197 1259 1278 285

294 1281 467 1374 '‘Exciperet
479 1294 631 1365 dominus,
644 1311 711 1353 cum
727 1291 883 1354 venderet·
900 1287 963 1358 hoc'
974 1311 1093 1376 quoque
1106 1283 1214 1375 vulgus

310 1385 496 1471 Chrysippus
513 1389 597 1468 'ponit
612 1385 769 1449 foecunda
763 1403 791 1446 tn
809 1395 896 1468 gente
915 1385 1043 1448 Meneni.

308 1481 458 1561 luppiter,
476 1482 604 1564 ingentes
622 1495 672 1560 qut
664 1479 735 1542 'das
753 1477 910 1587 adimisque
926 1458 1061 1570 doloreS,

309 1573 445 1637 Mater
420 1593 459 1636 att
474 1575 556 1657 pueri
574 1569 705 1635 menses
696 1593 754 1656 Jam
769 1573 900 1655 quinque
917 1561 1070 1668 cubantis,

307 1667 454 1750 Frigidast
472 1688 595 1752 puerum
610 1677 750 1750 quartana
762 1667 933 1778 reliquerit,
947 1653 1004 1732 'iilo
1206 1691 1264 1752 290

289 1765 481 1838 Manedie,
498 1784 610 1848 quotu
627 1764 760 1847 indicis
750 1757 880 1863 jejunia,
906 1756 1041 1826 nudus
1172 1751 1175 1767 '

308 1861 343 1923 ln
360 1863 459 1926 Tiberi
477 1862 576 1924 stabit:
599 1861 683 1923 casus
703 1851 866 1924 medicusve
881 1861 987 1926 levarit

309 1959 433 2040 AEgrum
448 1980 484 2022 ex
501 1959 657 2064 praecipiti,
676 1977 768 2020 mater
787 1959 874 2021 delira
896 1961 1022 2021 necabit
1058 2031 1062 2041 ‚

309 2050 343 2112 10
359 2053 450 2132 gelida
463 2051 593 2118 fixum
573 2071 656 2134 ripa,
670 2051 848 2137 febrimque
851 2041 1006 2116 reducet'
1045 2041 1049 2059 ’

265 2203 274 2210 ,
300 2142 426 2235 'Quone
443 2145 522 2206 malo
540 2163 665 2206 mentem
685 2146 844 2210 concussa?
858 2147 963 2226 timore
979 2137 1130 2210 Deorum
1205 2165 1264 2229 295

301 2235 386 2297 ''l-laec
400 2236 473 2298 milti
482 2233 647 2310 stemnius,
663 2237 821 2318 sapientum
835 2235 976 2313 duabus,
994 2240 1088 2301 amico

301 2319 404 2392 ¹Arma
420 2329 512 2400 dedit,
530 2327 649 2410 posthac
668 2347 704 2390 ne
722 2329 913 2412 compellaret
929 2331 1046 2394 inultus.

311 2417 429 2486 Dixerit
446 2413 575 2485 insanum
590 2423 640 2502 qui
657 2439 724 2496 me,
741 2421 863 2485 totidem
881 2424 998 2498 audien
1020 2441 1107 2506 atque
1147 2425 1149 2433 ’

310 2509 464 2591 Respicere
477 2516 582 2596 ignoto
598 2513 685 2578 discet
701 2516 853 2600 pendentia
870 2533 962 2596 tergo.
975 2547 1037 2562 --

309 2603 424 2680 Stoice,
441 2606 505 2687 poli
523 2607 658 2668 damnum
675 2607 714 2668 stc
732 2609 843 2670 'vendas
858 2610 956 2669 omnia
978 2607 1085 2688 plurist
1210 2627 1267 2688 300

300 2697 386 2778 ‘Qua
400 2719 447 2762 me
463 2699 581 2762 stultitia
597 2700 759 2782 (quoniam
780 2720 841 2762 non
860 2699 899 2762 est
915 2715 1010 2783 genus¹
1022 2701 1138 2784 unum)

311 2787 363 2852 lns
359 2793 440 2856 anite
463 2791 569 2873 putas?
589 2811 646 2872 ego
668 2797 733 2852 naim
749 2793 851 2854 videor
867 2793 935 2853 milti
949 2792 1042 2856 sanus.
1058 2815 1135 2841 --

310 2881 414 2962 Quid,
434 2897 521 2962 caput
539 2879 688 2943 abscissum
708 2883 832 2946 demens
844 2904 913 2949 cum
930 2899 1032 2966 portat
1048 2887 1151 2968 Agave
1215 2877 1218 2882 ¹

308 2975 401 3038 Gnati
416 2975 554 3050 baselicis,
575 2975 625 3038 fibi
644 2994 706 3050 tum
727 2970 835 3042 furiosa
857 2980 1064 3044 videtur?-

310 3063 438 3128 Stuitum
459 3087 504 3131 me
520 3067 613 3132 fateor
629 3068 740 3152 (liceat
758 3075 918 3136 concedere
936 3073 1035 3156 vetis)
1123 3091 1125 3096 ·
1207 3093 1265 3158 305

309 3162 412 3244 Atque
427 3165 514 3225 etiam
529 3163 660 3228 insanum
669 3191 679 3246 ;
694 3183 808 3230 rantum
830 3167 888 3231 hoc
902 3167 1036 3243 edisere,
1054 3187 1118 3250 quo
1138 3187 1184 3230 me

309 3257 465 3338 AEgtotare
482 3273 566 3337 putes
583 3261 672 3322 animi
688 3261 972 3344 vitioi-Accipe'
981 3279 988 3322 ε
1007 3260 1134 3344 primum

310 3347 468 3426 AEdisicas,
484 3347 593 3412 hoceli
602 3351 759 3434 ,longos
752 3353 889 3427 imitatis,
909 3353 969 3414 ab
963 3370 1023 3412 tmo

309 3439 357 3502 Ad
375 3438 519 3503 summunt
535 3458 616 3504 totus
633 3441 743 3506 moduli
763 3443 920 3525 bipedalis;
938 3443 969 3504 dt
980 3443 1065 3512 idem
1152 3514 1156 3520 ,

285 3529 450 3614 Corpore
467 3533 609 3614 majorem
630 3535 704 3598 tides
720 3533 895 3598 Turbonis
890 3553 918 3596 m
937 3524 1075 3598 armis
1211 3554 1269 3616 3¹0

303 3619 446 3705 Spiritum
465 3625 666 3688 &incessum
687 3627 741 3706 qui
760 3627 898 3689 ridiculus
920 3629 1013 3689 minus
1028 3625 1109 3688 illo?

308 3721 358 3786 An
376 3724 573 3805 quodcunque
589 3723 657 3786 facit
673 3723 838 3799 Maecenas,
857 3744 886 3786 te
904 3742 1024 3808 quoque
1039 3721 1215 3801 veronesi,

309 3813 411 3880 Tanto
432 3815 656 3892 dissimilem&
674 3834 759 3883 tanto
775 3833 886 3884 certate
901 3817 1067 3884 minorem?
