2720 4678
311 341 1105 480 208-er-HQRRAT11r-1m-ccr

309 516 417 598 Pingue
436 533 524 594 pecus
544 513 666 592 domiuo
688 513 792 587 facias,
808 515 844 600 R&
863 531 978 590 cetera,
998 532 1104 596 praeter

310 605 487 691 Ingenium,
505 623 595 690 utque
615 607 707 683 soles,
724 607 820 670 custos
834 609 914 692 ⁴mihi
929 612 1072 674 maximus
1092 609 1170 688 adsis
1197 658 1203 672 s
1224 628 1255 694 ις

276 773 280 780 ,
309 699 390 781 Ergo
408 699 457 760 ubi
472 718 518 762 me
530 700 560 762 in
577 699 739 760 montes&
758 700 789 784 in
806 719 901 763 arcem
922 719 960 764 ex
981 702 1054 764 urbe
1071 704 1198 777 removi,

269 799 272 807 “
313 796 420 880 (Quid
448 797 525 879 prius
543 795 679 878 illustrem
702 795 819 874 Satiris,
837 795 981 880 Musaque
1003 797 1164 876 pedesirii)
1250 837 1254 845 ·

311 893 376 957 Nec
397 892 471 952 mala
492 912 538 955 me
558 891 678 955 ambitio
697 891 806 971 perdit
831 910 885 962 nec
902 891 1057 972 plumbeus
1075 892 1201 969 Audiet,
1265 959 1267 965 s

311 985 553 1070 Audiumnusque
570 989 690 1070 gravis,
706 986 841 1048 Libitine
859 986 986 1070 quaesius
1004 990 1124 1052 acerbe.

314 1080 459 1142 Matutine
477 1096 575 1158 patet,
598 1075 648 1146 seu
664 1079 735 1140 Jane
750 1078 883 1184 libeptius
905 1080 1004 1154 audis
1182 1139 1201 1154 ,,
1227 1097 1260 1144 20
1275 1127 1279 1132 .

217 1189 219 1196 ·
313 1171 400 1236 Unde
419 1171 550 1234 homines
574 1189 696 1252 operum
719 1171 829 1252 primos
850 1173 977 1254 vitaeque
997 1174 1112 1238 iabores

313 1261 485 1338 instituunt,
506 1261 598 1345 (stc
584 1261 639 1324 Dis
660 1263 815 1346 placitum,
821 1262 834 1345 )
854 1279 885 1328 tu
904 1266 1043 1327 carminis
1058 1265 1121 1328 esto

314 1355 497 1438 Principium.
516 1354 623 1418 Romae
638 1354 805 1438 sponsorem
821 1376 867 1418 me
884 1359 968 1438 rapis.
982 1393 1015 1406 -
1036 1357 1169 1440 Eia,
1152 1399 1156 1406 -

311 1449 362 1514 Ne
385 1449 465 1530 prior
483 1448 583 1512 officio
600 1449 752 1532 quisquam
775 1451 964 1534 respondeat,
984 1473 1056 1536 urge
1067 1479 1081 1537 z,
1131 1515 1134 1524 ,
1163 1475 1167 1483 “

313 1542 383 1605 Sive
402 1543 511 1625 Aquilo
527 1544 599 1605 radit
621 1562 727 1621 tetras,
747 1545 796 1608 seu
816 1545 917 1621 bruma
937 1549 1064 1608 nivalem
1145 1595 1147 1600 .
1227 1562 1261 1628 ας
1353 1599 1354 1604 ,

315 1638 459 1701 Interiore
475 1638 548 1700 diem
567 1659 645 1720 gyro
664 1641 771 1714 trahit,
791 1640 833 1704 ire
850 1641 960 1704 necesse
980 1641 1028 1704 esi.
1040 1677 1075 1690 -

298 1731 490 1814 ,Postmodo,
508 1733 588 1816 quod
605 1733 647 1794 mi
667 1733 762 1810 obsit,
779 1734 857 1816 dare
874 1754 1045 1818 certumque
1064 1737 1190 1810 locuto,

316 1829 496 1892 Luumdum
519 1829 549 1892 in
566 1830 670 1908 turba;
686 1829 816 1904 facienda
830 1830 935 1911 injuria
952 1834 1048 1899 tardis.
1063 1867 1098 1894 ι,-

315 1923 480 2006 Quidvis,
499 1920 615 1986 insane?
634 1923 753 2009 &quas
768 1926 891 2007 tes-agis
912 1927 1060 2006 improbus
1067 1927 1082 1998 ,³
1104 1942 1190 2007 urget
1244 1930 1246 1938 '
1354 1991 1355 2002 ,

198 2009 201 2016 ’
315 2015 398 2081 iratis
412 2017 568 2098 precibus·
588 2035 621 2080 tu
640 2016 734 2098 pulses
748 2038 837 2081 omne
857 2021 944 2101 quod
956 2019 1071 2093 obssat,
1231 2039 1262 2102 3⁰
1354 2069 1355 2072 η

316 2109 365 2171 Ad
384 2107 575 2170 Maecenatem
591 2107 750 2170 memorisr
777 2126 873 2171 mente
897 2130 1039 2174 recurras.
1057 2145 1092 2158 -

317 2200 413 2264 Hoc
404 2217 505 2281 juvat,
525 2199 555 2261 dt
572 2202 648 2262 melli
668 2201 737 2276 est,
749 2221 808 2284 non
826 2203 955 2266 mentiar
981 2203 1121 2267 Atnmul
1139 2221 1215 2267 atras

317 2293 448 2356 Ventum
469 2291 509 2353 est
527 2277 683 2374 Esquilias,
700 2277 792 2356 aliena
809 2296 927 2376 negotia
944 2312 1062 2358 centum

317 2387 372 2450 Per
390 2402 478 2468 caput
497 2383 527 2445 dt
549 2383 625 2469 circa
644 2383 747 2447 saliunt
766 2385 848 2446 latus.
871 2385 949 2446 Ante
965 2385 1118 2448 secundam

318 2478 442 2545 Roscius
459 2479 564 2541 orabat
575 2477 635 2556 sibi
653 2477 759 2542 adesses
781 2480 817 2541 ad
835 2465 935 2542 Puteal
952 2501 1024 2544 cras.
1233 2498 1263 2562 35
1355 2506 1356 2552 i

319 2577 414 2640 Dete
435 2576 588 2640 communi
607 2574 706 2636 sctibae
723 2595 826 2657 magna
844 2595 933 2658 atque
950 2595 1032 2638 nova
1053 2592 1083 2640 te
1355 2605 1356 2616 ¹

318 2669 455 2744 Orabam
473 2669 558 2732 hodie
574 2667 764 2742 meminisses,
787 2667 1058 2748 Quinremeyent.

291 2823 295 2833 ,
318 2765 468 2846 Imprimat
486 2761 546 2838 his,
563 2781 655 2833 cura,
674 2761 821 2846 Maecenas
839 2759 918 2842 srgpa
939 2760 1069 2838 tabellis„

320 2857 456 2928 Dixeris,
470 2853 623 2936 Experiar:
644 2852 672 2912 Si
690 2853 750 2928 vis,
768 2870 871 2933 potes,
886 2855 979 2925 addit,
1002 2854 1034 2916 δι
1050 2853 1145 2920 instat
1194 2892 1197 2901 ·

308 2945 464 3035 ¹Septimus
477 2949 586 3010 odiavo
603 2946 723 3027 propior
738 2945 796 3024 jam
816 2945 920 3026 sugerit
942 2965 1053 3018 annus,
1129 3000 1132 3008 i
1232 2963 1271 3020 4ο

314 3045 365 3111 ,Ἐκ
385 3062 447 3128 quo
466 3042 611 3115 Maecenas
631 3057 677 3098 me
693 3039 783 3118 coepit
801 3037 913 3109 habere
928 3037 1050 3100 suorum
1127 3062 1132 3070 ·

319 3133 353 3197 ln
371 3153 514 3206 numero,
534 3132 683 3196 dumtaxat
701 3133 825 3204 adhoc,
842 3153 930 3213 quem
949 3133 1056 3194 toliere
1070 3131 1158 3194 rheda

320 3227 436 3299 Vellet,
454 3223 648 3298 iterfaciens,
668 3224 698 3286 dt
716 3227 763 3287 cui
781 3225 957 3286 concredere
972 3243 1063 3305 nugas

321 3323 390 3386 Hoc
405 3340 515 3404 genus:
536 3319 620 3384 Hora
636 3333 730 3401 quota
746 3319 806 3381 eu.
822 3319 923 3381 Threx
934 3317 975 3380 est
988 3317 1104 3384 Gallina
1114 3311 1269 3397 ,Syropari

272 3488 275 3497 Α
321 3418 466 3480 Matutine
483 3433 586 3496 perum
605 3432 708 3476 cautos
720 3413 780 3494 jem
795 3412 905 3494 frigora
924 3416 1074 3476 mordent:
1149 3453 1152 3460 .
1231 3425 1266 3486 45

50 3521 53 3528 '
97 3583 102 3596 Ι
146 3503 149 3510 ⁴
321 3512 358 3576 Et
376 3531 443 3594 quae
460 3508 565 3594 rimosa
579 3509 653 3588 bene
669 3509 856 3590 deponuntur
872 3507 900 3569 in
918 3527 1005 3572 eurew
1075 3531 1100 3572 ⁴.
1166 3513 1172 3522 '

140 3647 146 3692 ,ι
185 3600 219 3686 ’,
254 3605 306 3667 .”.”“
321 3603 376 3667 Per
394 3620 490 3666 torum
504 3603 561 3665 hoc
574 3619 691 3683 tempus
712 3599 868 3680 subjeeiior
889 3600 918 3660 in
937 3603 1011 3664 diem
1034 3600 1065 3662 dt
1084 3599 1187 3664 ¹horam

112 3687 116 3696 ’
321 3699 451 3762 Invidiae.
475 3697 585 3760 Nosiee
600 3697 686 3760 ludos
706 3694 884 3778 spectaverat
903 3713 980 3768 una;

321 3787 440 3854 Luserat
458 3789 487 3854 in
504 3809 632 3874 campo,
651 3787 790 3866 Fortunae
813 3785 910 3862 filius3
931 3801 1042 3872 omnes.
1139 3821 1141 3828 ,
