2720 4678
324 375 398 478 ιιι
479 375 525 480 Q.
576 375 853 494 ιιιιιιιτιι
901 379 1133 454 nuncet

323 535 392 598 Urit
403 533 478 596 enim
496 533 610 617 fulgore
627 535 698 608 suo,
715 539 767 619 qui
788 559 954 622 praegravat
971 560 1049 608 artes

322 627 404 690 Infra
417 627 446 690 se
464 629 586 711 positas:
606 631 761 694 exstiniius
773 635 915 698 amabitur
928 637 1011 700 idem.

321 718 456 782 Ptaefenti
470 721 520 782 tibi
537 739 669 792 maturos
683 723 823 806 largimur
837 727 985 806 honores,
1233 755 1266 818 ¹5

320 810 517 894 iurandasque
534 830 618 876 tuum
638 835 690 897 pet
709 837 816 880 nomen
835 821 973 902 ponimus
989 841 1071 898 aras,

321 905 371 968 Nil
388 901 532 968 oriturum
547 905 636 979 alias,
653 907 690 981 nii
705 909 805 973 orium
826 912 897 974 tale
900 913 1077 999 fatentes„

321 1000 376 1062 Sed
389 1017 457 1062 tuus
473 999 519 1060 hic
537 1001 678 1082 populus,
699 1001 811 1083 sapiens
823 1003 854 1066 δι
870 1004 988 1084 julius
981 1027 1010 1068 ιιι
1027 1028 1109 1085 uno,

320 1096 367 1158 Te
380 1093 484 1156 nolitis
497 1092 635 1166 ducibus,
651 1111 680 1154 te
693 1094 791 1174 Grajis
807 1095 1014 1171 anteferendo,

319 1187 424 1254 Cetera
439 1205 621 1270 nequaquam
636 1187 720 1250 srmrlr
735 1203 850 1252 ranone
868 1193 1018 1292 modoque
1233 1213 1267 1260 ιο

257 1301 261 1308 ·
320 1281 471 1354 AEslimat3
490 1282 537 1353 dr,
553 1279 603 1339 nifr
619 1297 692 1360 quae
705 1283 791 1344 terris
810 1279 918 1346 semota
935 1266 1050 1367 fnifque

228 1423 233 1442 ,
318 1375 517 1457 Temporibus
533 1369 666 1434 defunua
685 1375 782 1446 videt,
798 1374 902 1438 fallidit
916 1379 1029 1440 &odit
1098 1375 1106 1416 ·'

318 1469 368 1532 Sic
383 1466 480 1530 fautor
494 1481 642 1540 veterum,
660 1481 694 1528 ut
713 1467 824 1530 tabulas
838 1489 959 1550 peccate
974 1489 1129 1554 vetanroe,

317 1562 406 1644 Quas
423 1560 467 1622 bis
481 1560 613 1639 quinque
628 1558 684 1619 viri
703 1557 875 1633 sanxerunt,
892 1559 1002 1626 foedera
1017 1583 1123 1646 regum

318 1657 376 1718 Vel
389 1654 508 1729 Gabiis,
521 1654 571 1716 vel
588 1673 655 1716 cum
673 1655 768 1734 rigidis
784 1675 899 1738 aequata
918 1659 1045 1732 Sabinis,
1226 1677 1260 1741 ις

315 1748 489 1812 Pontificum
507 1747 613 1820 libros,
631 1744 915 1814 annosa-uolumina
925 1767 1043 1827 vatum,

315 1843 439 1906 Difiitet
447 1842 567 1903 Albano
583 1838 681 1900 Musas
699 1841 728 1900 in
746 1857 847 1904 monte
863 1843 984 1906 locutas.

216 1935 218 1942 ’
314 1933 365 2010 si,
381 1932 449 2018 quia
464 1929 640 2021 Graeeorum
654 1927 719 1990 funt
731 1931 923 2012 antiquiffinra
937 1953 1065 2018 quaeque

314 2028 426 2108 Scripta
441 2025 487 2088 vel
504 2026 632 2104 optima,
652 2023 778 2084 Romani
793 2023 946 2106 pensantur
957 2027 1055 2087 ‘eudem

314 2122 475 2204 Scriptores
489 2117 616 2190 trutina;
630 2135 691 2178 non
706 2116 747 2178 est
765 2120 846 2199 quod
860 2120 951 2182 muita
968 2122 1143 2202 loquamur:
1223 2140 1259 2204 po

175 2207 187 2238 '
314 2213 366 2274 Nil
382 2213 454 2272 intra
469 2208 510 2272 eli
524 2207 619 2273 oleam
630 2225 645 2284 ,·
662 2209 702 2270 nil
719 2225 803 2282 extra
822 2211 864 2274 est
882 2213 913 2272 in
925 2228 1007 2284 ,nuce
1023 2215 1098 2279 duri.

314 2301 460 2366 Venimus
472 2301 508 2364 ad
524 2298 668 2362 summum
683 2298 827 2364 fortunae:
843 2302 988 2385 pingimus
1002 2323 1093 2386 atque

313 2393 479 2470 Psallimus‚
494 2393 525 2456 u
540 2394 694 2478 lufiamur
698 2395 819 2456 Achivis
837 2396 951 2463 dofiitu
966 2397 1067 2463 undiis.

313 2489 345 2554 si
359 2487 479 2552 meliora
496 2488 574 2562 dies,
589 2502 622 2548 ut
641 2487 712 2590 vina
718 2504 878 2568 ,poemata
895 2490 1006 2568 reddit,
1073 2534 1078 2542 .

269 2617 272 2638 .
311 2579 390 2644 Scire
405 2580 511 2654 velim,
530 2579 654 2660 pretium
645 2549 779 2641 'charris
794 2597 905 2661 quotus
922 2599 1039 2664 arroget
1058 2601 1163 2648 annus.
1223 2579 1274 2665 ις’

311 2671 442 2754 Scriptor
454 2672 559 2733 abhinc
573 2689 666 2732 annos
681 2687 797 2734 centum
809 2675 862 2754 qui
878 2673 1000 2747 decidit,
1021 2677 1099 2738 inter

311 2769 461 2833 Perstfios
474 2766 646 2849 veteresque
661 2765 760 2838 referri
776 2767 882 2833 debet?
902 2789 938 2852 an
955 2771 1056 2849 inter

310 2864 394 2926 Viles
409 2881 498 2945 atque
514 2865 632 2926 novos?
650 2861 810 2923 excludat
800 2865 899 2944 jurgia
915 2863 990 2930 finis
1000 2897 1062 2920 -ι-
1191 2925 1194 2936 ,

293 2955 359 3028 JEst
372 2974 457 3020 vetus
474 2973 562 3038 atque
578 2955 707 3034 probus,
723 2972 841 3040 centum
857 2956 906 3038 qui
925 2956 1037 3038 perlicit
1053 2976 1158 3023 annos.
1171 2987 1220 3008 -

201 3081 204 3094 ·
275 3105 277 3110 ,
311 3050 411 3131 Quid,
425 3071 477 3134 qur
469 3051 616 3134 depetut
630 3053 725 3120 minor
741 3069 805 3112 uno
822 3050 936 3124 mense,
952 3051 1000 3120 vel
1016 3071 1112 3130 anno
1218 3071 1259 3127 ιο

309 3143 388 3206 Inter
403 3164 478 3225 quos
490 3141 658 3215 referendus
669 3141 743 3204 erit?
764 3141 914 3204 veteresne
931 3123 1080 3231 poetas?

308 3233 359 3298 An
376 3254 452 3317 quos
472 3233 503 3295 δι
517 3253 578 3318 ptae
581 3231 643 3295 sens
655 3233 687 3294 δι
703 3231 814 3314 postera
830 3254 861 3294 re
864 3231 943 3322 spuei
955 3254 1024 3296 aetas
1035 3231 1048 3292 i
1060 3266 1122 3284 -

230 3396 234 3401 ,
309 3327 364 3392 ilie
377 3331 492 3412 quidem
506 3347 621 3392 veteres
634 3329 710 3390 inter
728 3347 854 3410 ponetur
872 3323 1008 3401 honeste,

309 3415 376 3495 Qui
392 3417 441 3478 vel
457 3415 552 3478 mense
569 3418 670 3489 brevi,
685 3419 733 3478 vel
751 3433 818 3479 toto
834 3417 899 3479 est*
885 3418 984 3499 punior
997 3435 1085 3480 anuo.
1095 3447 1154 3466 «-

309 3501 387 3564 Utor
403 3501 556 3584 permisto,
570 3505 728 3588 caudaeque
744 3508 819 3594 pilos
834 3524 867 3570 ut
883 3509 1017 3590 equinae,
1095 3567 1098 3571 ,
1219 3529 1257 3592 45
1338 3517 1339 3568 ι

307 3595 449 3660 Paulatim
463 3600 562 3672 vello,
578 3601 610 3662 δι
626 3602 713 3663 demo
731 3623 841 3681 unum,
860 3605 946 3666 demo
963 3605 1050 3666 etiam
1067 3626 1178 3672 unum·
1171 3651 1181 3684 ,

307 3682 391 3753 Dum
405 3693 486 3754 cadat
501 3693 596 3756 elusus
609 3696 722 3756 ratione
735 3697 847 3758 ruentis
863 3698 978 3777 acervi,
1047 3741 1059 3748 ,.

309 3782 378 3864 Qui
394 3784 465 3849 redit
479 3787 515 3847 ad
529 3784 638 3869 ιιιιοιζ
653 3785 834 3886 &virtutem
839 3789 975 3894 estimat
982 3789 1087 3892 annis,
