2720 4678
292 381 360 480 ηε
447 383 494 488 Q·
535 381 815 455 HORATH
861 383 1093 458 nuncet

291 541 418 604 Cedetet
436 557 488 604 aut
506 559 609 623 quarta
625 541 786 605 socialiter:
801 544 847 607 hic
863 545 893 606 δι
916 547 945 606 in
964 547 1042 610 Acci

291 633 451 698 Nobilibus
466 635 602 696 trimetris
618 653 737 716 apparet
758 657 860 710 rante,
882 641 915 700 dt
935 637 1018 700 Enni.

291 722 331 794 ln¹
349 727 464 792 scenam
480 727 578 792 millos
598 752 706 812 magno
727 753 796 794 cum
822 734 951 813 pondere
968 733 1088 807 vetius,
1197 737 1256 798 260
1355 795 1356 812 ,

291 823 357 886 Aut
373 831 472 905 o'petae
493 827 594 887 celetis
619 828 763 899 nimium,
783 847 914 910 curaque
934 830 1101 904 carentis·,·
1355 817 1356 822 ἵ

292 917 356 978 Aut
379 919 522 996 ignoratae
537 919 641 1000 premit
656 923 726 980 artis
744 921 969 1002 criminepurpi.

224 1077 228 1085 ,
292 1012 366 1074 Νοη
381 1015 481 1094 quivis
496 1015 576 1075 videt
597 1014 788 1075 immodulata
810 1033 946 1093 poemata
962 1015 1068 1095 judex3

291 1105 330 1168 Et
346 1108 411 1168 data
428 1109 571 1170 Romanis
587 1112 673 1170 venia
689 1111 731 1176 eli
748 1111 864 1192 indigna
883 1111 985 1190 poetis.

291 1201 444 1264 idcircone
456 1221 567 1285 vager,
580 1202 762 1283 scribamque
782 1201 925 1264 licenter?
940 1205 982 1264 Ut
997 1221 1101 1265 omnet

292 1293 419 1358 Visutos
436 1313 553 1378 peccata
566 1291 665 1378 putem
679 1317 761 1370 mea,
776 1309 878 1367 tutus‘,
896 1297 926 1358 dt
943 1299 1017 1358 intra

293 1389 380 1470 Spem
404 1394 498 1452 veniae
515 1409 636 1464 cautus;
656 1393 751 1454 vitavi
770 1392 893 1472 denique
908 1393 1045 1472 culpant,

292 1481 364 1544 Non
378 1483 492 1546 laudem
508 1488 612 1547 merui.
625 1486 697 1547 Vos'
705 1485 883 1564 exemplaria
898 1485 1005 1553 Graece

292 1573 448 1640 Nodurna
463 1577 575 1640 versate
591 1599 697 1651 manu,
715 1576 828 1639 versate
847 1578 962 1638 diurna.
1357 1631 1358 1650 2

293 1670 336 1732 At
349 1667 440 1730 nostri
455 1671 721 1759 proaviPlautinos
736 1673 767 1732 dt
785 1671 940 1741 numeros,
959 1669 991 1731 dt
1195 1685 1257 1745 270
1357 1695 1358 1702 ³

294 1763 466 1829 Laudavere
482 1767 573 1845 sale53
589 1772 710 1832 nimium
729 1759 875 1850 patienter
890 1756 1068 1850 utriunque,

294 1855 341 1918 Ne
359 1859 450 1924 dicam
467 1859 571 1932 (luite,
589 1863 705 1937 mirati3
725 1861 747 1922 st
768 1863 860 1924 modo
877 1881 935 1942 ego
953 1861 985 1922 δι
1005 1880 1061 1922 vos
1134 1850 1140 1862 ’

294 1949 408 2013 Scimus
424 1954 601 2018 inurbanum
620 1955 719 2035 lepido
733 1954 874 2037 seponere
893 1954 989 2030 dido,

293 2043 528 2131 Legitimumque
543 2051 646 2110 sonum
660 2050 756 2130 digitis
773 2052 913 2112 callemus
928 2052 958 2112 dt
973 2069 1052 2112 aure.

293 2139 432 2218 Ignotum
452 2145 570 2224 tragicae
587 2163 679 2226 genus
696 2143 837 2218 invenisse
856 2145 995 2206 Camenae
1190 2157 1252 2222 275

293 2230 432 2308 Dicitur,
449 2235 479 2297 dt
496 2229 626 2317 plaullris
643 2237 752 2309 verille
772 2255 910 2319 poemata
926 2236 1070 2318 Thespis,

296 2327 379 2408 Quae
396 2349 532 2392 canerent
548 2347 725 2411 agerentque
741 2331 873 2413 petundti
889 2331 1009 2393 faecibus
1024 2350 1088 2392 ota.

296 2420 364 2483 Post
379 2422 458 2484 hunc
476 2421 625 2503 perlonae,
639 2425 783 2504 pallaeque
798 2439 929 2504 repertor
946 2421 1076 2484 honeliae
1188 2497 1191 2504 .

295 2515 472 2598 AEschylus,
489 2517 520 2578 dt
538 2517 659 2601 modicis
675 2516 805 2578 instravit
820 2517 932 2600 pulpita
947 2515 1050 2596 tignis,

295 2609 332 2676 Et
351 2611 453 2670 docuit
472 2629 670 2690 magnumque
684 2608 787 2690 loqui,
804 2611 916 2690 nitique
930 2610 1089 2692 cothurno.
1194 2599 1258 2668 280

295 2703 432 2769 Succeffit
448 2689 534 2766 v'etus
549 2703 593 2764 his
611 2703 789 2776 Comoedia,
808 2721 868 2763 non
884 2701 945 2765 stne
961 2700 1055 2762 multa
1181 2769 1184 2775 Ι

296 2797 415 2871 Laude;
432 2795 477 2857 sed
497 2798 527 2857 in
544 2797 650 2858 vitium
668 2795 785 2856 libertas
801 2796 927 2865 excidit,
949 2794 981 2855 dt
1000 2794 1063 2858 rint

295 2891 425 2972 Dignam
441 2891 505 2970 lege
522 2891 598 2972 regi:
617 2891 665 2952 lex
680 2889 721 2950 est
739 2907 876 2970 accepte,
890 2885 1066 2968 chorusque

239 2992 241 3002 '
294 2985 437 3064 Turpiter
449 2984 590 3057 obticuit,
605 2981 722 3045 sublato
739 2981 804 3060 iure
817 2981 954 3044 nocendi.

294 3081 348 3144 Nil
362 3081 535 3140 intentatum
551 3077 640 3140 nostri
655 3078 766 3159 liquere
781 3093 894 3159 poetae:
1195 3069 1256 3153 285

294 3172 358 3234 Nec
373 3171 523 3235 minimum
537 3191 669 3233 metuere
683 3171 789 3240 decus,
806 3168 927 3249 vestigia
946 3161 1054 3228 Graeca

295 3263 369 3330 Aust
385 3262 530 3334 deserere,
554 3263 585 3325 dt
604 3263 750 3325 celebrare
768 3259 922 3323 domestica
942 3257 1038 3332 faciem
1102 3278 1104 3282 ’

262 3377 264 3382 ·
295 3358 355 3419 Vel
369 3359 421 3440 qui
435 3373 605 3439 praetextes,
623 3356 673 3418 vel
688 3357 740 3438 qui
757 3356 885 3417 docuere
902 3370 1026 3433 togatas.

294 3452 358 3515 Nec
371 3445 490 3512 virtute
503 3446 579 3511 foret
595 3449 715 3512 clarisve
734 3450 883 3530 potentius
896 3447 1001 3518 armis,

295 3545 400 3626 Quam
416 3546 533 3625 lingua,
555 3543 727 3619 Latium,s1
746 3564 808 3606 non
825 3539 987 3606 offenderet
1007 3559 1114 3600 unum·
1197 3556 1262 3620 290

170 3691 174 3696 .
295 3639 461 3720 Quemque
476 3653 630 3718 poetarum
646 3637 726 3698 limae
737 3635 822 3698 labor
833 3635 863 3696 u
879 3631 1065 3702 mora.'Vos‚
1079 3650 1100 3690 o
1122 3620 1125 3634 ’
1152 3686 1155 3694 ,

293 3732 455 3816 Pompilius
466 3730 595 3813 sanguis,
614 3749 732 3795 carmen
747 3727 966 3812 reprehendite,
981 3723 1063 3806 quod
1078 3717 1141 3787 nott
1192 3801 1195 3806 .
