2820 4654
281 443 347 496 χιι
453 427 707 501 ΝοῑιτιΑ
744 424 1067 500 trraararr

283 553 356 628 arte
380 558 485 630 unice
509 561 729 631 audiendus:
760 560 910 630 eximius
933 559 1167 653 philosophus
1198 561 1236 630 itt

283 656 454 747 Epistolis.
476 661 519 726 ln
536 657 688 728 carmine
715 658 924 754 elegantiam
941 655 1150 748 &peritiam
1168 683 1238 728 nu-

286 777 468 822 merorum
494 756 525 824 ei
547 756 673 826 tribuit
692 754 864 840 Ovidius,
887 755 925 824 in
949 756 1163 850 argumentis
1189 757 1239 824 sa-

177 923 179 928 ,
284 850 456 944 pientiam
470 849 501 923 8c
513 853 740 923 calliditatem
750 853 910 937 Persius,
926 851 1144 947 diligentiam
1162 853 1239 922 elu-

287 948 468 1018 cubratam
483 950 685 1037 juvenalis,
706 949 961 1020 sublimitatem
986 945 1109 1020 audior
1136 951 1246 1019 vetus*

285 1044 438 1115 sednon
458 1047 676 1130 nominatos,
693 1043 973 1142 jucunditatem,
994 1049 1158 1142 gratiam,
1179 1073 1237 1114 va-

285 1141 446 1216 rietatem
473 1144 738 1246 Quintilianus,
760 1143 949 1212 sollertiam
976 1144 1167 1240 Apulejus‚
1198 1144 1238 1212 in

285 1238 447 1309 sermone
474 1242 664 1332 puritatem
687 1236 719 1310 dc
741 1241 899 1311 nitorem
919 1237 1016 1308 idem
1043 1241 1240 1343 Quintilia-

285 1359 376 1406 nus:
406 1337 444 1406 in
470 1335 585 1406 Satiris
610 1361 695 1407 eum
724 1336 789 1408 elle
817 1335 1138 1408 emendatissimum
1172 1338 1240 1408 La-

287 1428 446 1504 stantius.
477 1436 640 1505 Imitatus
662 1435 710 1506 est
735 1436 773 1506 in
799 1433 889 1506 Odis
909 1434 1127 1526 potissimum
1155 1460 1239 1504 cum

286 1529 439 1599 Pindaro
456 1531 612 1602 Alcaeum
627 1531 658 1601 8c
671 1531 924 1625 Sapphonem:
944 1533 1101 1625 epitheta
1119 1531 1245 1602 sumstt'

285 1625 333 1696 ab
351 1627 510 1698 Homero
523 1627 555 1698 lc
567 1628 753 1721 Sophocle.
769 1631 810 1700 ln
827 1629 918 1706 libro
932 1627 1085 1722 Epodon
1102 1629 1239 1700 secutus

288 1725 338 1794 est
359 1722 636 1813 Archilochum,
660 1727 698 1796 in
722 1726 835 1796 Satiris
857 1725 1038 1796 Romanos
1063 1725 1141 1796 illos
1169 1727 1241 1796 En·

287 1821 389 1890 nium
405 1821 638 1893 &Lucilium
657 1823 728 1894 Sed
739 1825 888 1894 Horatio
908 1839 918 1872 ¹
940 1823 1029 1894 nihil
1045 1825 1114 1894 hoc
1131 1824 1169 1892 in
1183 1835 1240 1919 ge·

288 1943 373 1988 nere
390 1923 603 2010 prestantius
621 1921 687 2006 est,
708 1923 770 2014 qui
791 1939 832 1991 ut
853 1947 975 1991 omnes
994 1921 1074 1992 vitae
1091 1922 1241 1990 rationes

287 2017 327 2084 in
347 2014 461 2087 Satiris
480 2017 546 2087 suis
572 2020 783 2111 complexus
806 2017 898 2105 fuit,
918 2020 965 2088 ita
983 2012 1144 2088 flosculos
1161 2017 1241 2112 sup·
1340 2083 1343 2090 r

287 2111 452 2206 peditat,
478 2116 610 2206 quibus
631 2116 763 2186 mirum
789 2117 828 2186 in
852 2116 1005 2186 modum
1029 2139 1153 2186 ornare
1173 2115 1242 2196 set-

289 2221 439 2280 monem
452 2213 610 2282 nostrum
624 2212 817 2304 possumus.
839 2213 913 2304 Ego
928 2231 1019 2284 certe
1031 2213 1154 2282 Satires
1167 2215 1241 2310 ejus

291 2329 414 2378 omnes
444 2310 629 2381 memorie
657 2310 817 2379 mandari
845 2311 974 2396 velim,
1000 2329 1081 2381 turn
1105 2309 1143 2379 in
1170 2311 1241 2380 vita

288 2405 383 2497 ipsa,
401 2423 478 2475 tum
498 2406 535 2474 in
552 2406 713 2476 sermone
733 2407 810 2478 usui
828 2405 972 2477 futuras.
987 2407 1243 2506 Elegantissime

291 2503 412 2572 omnia
429 2501 530 2589 sunt,
549 2499 658 2574 dislio
675 2503 805 2589 nitida,
819 2504 871 2590 dt,
888 2504 914 2573 fi
935 2529 1103 2577 numeros
1120 2507 1241 2590 tollas,

290 2599 442 2670 sermoni
466 2601 582 2672 soluto
600 2619 690 2693 apta.
712 2601 895 2673 Urbanitas
913 2603 951 2672 in
970 2628 1014 2673 eo
1033 2605 1141 2687 mira,
1159 2601 1242 2672 sales

291 2695 456 2784 candidi,
474 2721 519 2768 ex
534 2698 655 2768 abdito
674 2715 779 2768 erute
796 2697 994 2786 sententia,
1008 2700 1148 2796 argutia
1165 2723 1245 2769 non

291 2791 442 2881 coadiae,
469 2820 574 2865 merae
606 2792 781 2882 ChariteS,
809 2797 910 2866 omni
939 2797 1112 2865 occalioni
1142 2814 1241 2888 aptae.

289 2891 483 2964 Summum
499 2895 536 2960 in
552 2893 614 2962 illo
631 2893 707 2962 viro
725 2893 907 2988 ingenium
927 2891 1012 2976 suit,
1030 2913 1098 2960 nec
1114 2892 1242 2960 imme-

264 2989 358 3062 rito
382 2986 538 3084 Augusto
564 2987 596 3058 dc
619 2989 801 3060 Maecenati
824 2989 862 3059 in
885 2987 1034 3072 deliciis,
1062 2989 1161 3084 cujus
1183 3013 1241 3084 ge·

292 3087 395 3156 nium
417 3085 591 3156 satiricum
615 3111 724 3158 nemo
758 3109 803 3157 ex
820 3084 993 3176 antiquis,
1014 3089 1124 3169 nemci
1146 3111 1167 3156 e
1186 3103 1251 3156 re-¹

293 3183 531 3268 centioribus,
550 3186 622 3255 ulla
637 3184 832 3254 imitatione
844 3181 1011 3254 assecutus
1025 3181 1081 3252 est.
1100 3183 1156 3272 Jo.
1174 3183 1242 3254 Ca-

293 3279 394 3352 lelius
422 3281 460 3350 in
494 3288 555 3365 Νέῳ
586 3274 673 3368 suo,
700 3281 890 3352 Horatium
927 3275 1006 3350 vitae
1039 3282 1242 3378 magistrum

293 3378 569 3466 commendans,
590 3381 763 3471 Affirmort
779 3405 841 3450 nort
860 3379 1016 3452 dubitem,
1032 3378 1171 3470 inquit,
1188 3379 1253 3474 qui,

293 3479 327 3545 in
345 3477 401 3546 stoc
411 3493 504 3574 poeto
518 3479 689 3567 multumt
712 3501 769 3546 era
781 3476 943 3573 posuerit,
960 3499 1087 3572 eumque
1106 3480 1155 3546 ito
1167 3503 1243 3578 per·

295 3571 458 3648 didicerit,
474 3593 511 3644 ut
527 3579 595 3676 ejus
614 3503 722 3668 versss
739 3599 800 3642 non
820 3577 919 3642 inore
935 3591 1028 3642 notos
1044 3589 1103 3642 out
1120 3591 1259 3644 extem.
1278 3625 1284 3644 t

290 3672 435 3770 perolas.
450 3691 487 3742 ut
501 3681 657 3768 putaturi
675 3693 736 3740 non
755 3671 912 3738 memorio
925 3687 1054 3743 teneat,
1077 3670 1147 3762 (nec
1167 3695 1242 3742 vero

248 3821 252 3831 .
296 3794 357 3838 non
366 3768 471 3860 sunt,
486 3773 541 3864 qui
557 3769 614 3838 ltoc
634 3767 859 3866 prostiterint)
873 3761 938 3860 sed
951 3767 1047 3863 probe
1069 3768 1244 3842 intellet‘lot

331 3908 355 3950 a
368 3885 497 3952 Mothof.
509 3875 679 3968 Pol'yhiltl.
694 3909 723 3972 3,
738 3903 767 3951 c.
778 3885 816 3964 6,
830 3887 945 3970 p.634,
958 3882 1046 3966 Toni.
1058 3875 1082 3947 l
